1974 3192
227 319 287 372 7:

876 180 1198 225 -xn—

327 317 623 370 demissum
663 313 776 385 (V).

226 392 287 445 9:
315 391 655 459 praedicaret.
731 386 844 459 (V.:
883 386 1291 460 praediaretur).
1353 388 1770 458 Thymotheum.
1810 419 1880 426 —

189 539 284 591 12;

192 612 290 664 13:

190 759 283 811 14·

325 463 415 517 V.:
456 463 815 516 Thimoteum.

327 536 439 607 (V.:
478 535 629 606 illis).

329 612 608 679 inputetur.
670 610 824 676 deus]
865 611 1105 663 dominus
1141 609 1199 662 P.
1201 608 1267 664 V.
1307 640 1376 647 —
1422 609 1703 676 [Dominus
1743 607 1817 681 (V
1820 607 1881 681 .)]

331 683 447 738 ‘'me
487 701 584 738 om.
624 680 754 755 (A..)

325 759 654 826 conpleretur.

190 834 256 884 17
285 835 340 885 et
367 832 462 885 18:
486 831 741 884 liberauit
765 848 850 884 me
877 831 944 883 ab
971 849 1061 885 ore
1085 831 1275 884 leoniS.
1322 830 1397 884 Et
1421 831 1608 884 statim
1631 832 1886 884 liberauit

193 1054 288 1107 19:

189 1201 286 1254 22:

186 1349 287 1402 23:

326 925 412 958 me
430 905 679 958 dominus
708 905 776 957 ab
803 904 952 957 omni
977 922 1136 974 opere
1160 905 1305 959 malo
1330 908 1384 957 et
1404 906 1636 959 saluauit
1647 906 1708 958 in
1729 921 1883 974 reyno

326 981 525 1034 caelesti
564 977 654 1049 (V.
680 979 890 1032 saluum
914 997 1001 1032 me
1039 979 1168 1032 fecit
1205 980 1264 1031 in
1294 996 1461 1049 regno
1496 997 1592 1032 suo
1626 975 1883 1049 caelesti).

327 1054 518 1108 seilicet
552 1054 703 1107 sciret
720 1069 969 1120 praesens
998 1053 1098 1106 sibi
1126 1054 1379 1106 inminere
1418 1051 1530 1124 (V.:
1571 1053 1680 1106 scil.
1711 1070 1882 1122 praes

328 1128 433 1180 sibi
473 1127 696 1180 sentiret
735 1126 1060 1195 martyrium
1098 1124 1402 1197 inminere).

327 1201 531 1285 XIJH
576 1198 687 1271 (V.)
729 1200 956 1253 Neronis
1000 1217 1153 1254 anno.
1204 1230 1267 1238 —
1333 1200 1399 1254 A.
1430 1199 1518 1253 V.:
1582 1217 1722 1252 anno
1777 1197 1883 1252 Ne-

320 1293 659 1402 1)(l).1:HSPetrus,
712 1347 919 1400 Romae
966 1365 1064 1416 pro
1114 1346 1334 1401 Christo
1383 1348 1559 1417 eapite
1603 1350 1887 1400 truncatur
1950 1415 1952 1418 ,

327 1423 686 1491 sepultusque.
732 1420 799 1474 V.
801 1421 881 1474 P.:
905 1422 1074 1475 eodem
1097 1422 1198 1487 die,
1222 1439 1319 1490 quo
1342 1421 1529 1475 Petrus
1551 1422 1884 1490 critoifiyitur,

317 1513 416 1564 pro
455 1494 657 1549 Christo
696 1496 858 1564 capite
896 1500 1180 1550 truncatur.
1241 1494 1480 1564 Sepultus
1518 1500 1623 1550 est.
1648 1538 1660 1550 .
1685 1536 1698 1550 .

190 1570 286 1623 24:
325 1569 572 1623 hostensi
612 1567 743 1640 (V..)

191 1643 288 1697 25·
329 1647 547 1713 septem.

190 1718 260 1771 26
295 1721 350 1771 et
382 1736 550 1787 sequa
590 1718 663 1770 ad
689 1716 954 1771 Romanos
992 1717 1063 1787 ·I·,
1102 1718 1174 1771 acl
1202 1715 1494 1772 Corinthios
1533 1717 1631 1788 ·11·‚
1668 1718 1740 1770 ad
1777 1715 1885 1770 Ga-

224 1832 232 1840 .
327 1793 462 1845 latas
499 1791 554 1844 ··I
563 1833 577 1860 ,
617 1791 684 1844 ad
722 1790 1205 1845 Tessalonecenses
1232 1789 1344 1862 (V.)
1380 1791 1462 1844 ·II·
1503 1789 1612 1861 <A.:
1653 1791 1885 1844 Thessa-

224 2603 257 2802 OEoessl
225 2309 259 2508 mem-4

189 2897 290 2950 10:

325 1862 674 1935 lonicenses),
726 1866 798 1918 acl
839 1865 1088 1934 Ephesios
1133 1865 1210 1935 ·I·,
1267 1865 1333 1918 ad
1379 1864 1765 1935 Phylippenses
1804 1863 1885 1930 ·I·,

326 1940 398 1992 ad
434 1938 722 1993 Colosenses
760 1937 839 2008 ·I·,
878 1942 1157 2008 praeterea
1180 1941 1252 1993 ad
1278 1940 1618 2007 discipulosuo
1649 1939 1883 2008 Thymo·

326 2013 454 2066 theo
510 2011 879 2085 (Timotheum)
927 2013 1034 2083 -11·,
1088 2015 1160 2066 ad
1214 2014 1390 2067 Titum
1437 2013 1516 2083 ·I·,
1577 2015 1649 2067 acl
1692 2013 1884 2083 Phyle-

326 2105 543 2140 monem
583 2084 980 2159 (Philemonem)
1021 2087 1075 2139 ·I-
1114 2086 1202 2141 V.:
1241 2086 1538 2141 Philimoni
1575 2106 1754 2140 unam.

919 2218 1037 2275 Pay.
1070 2222 1148 2264 12.

276 2327 288 2361 :
329 2307 470 2376 apud
508 2307 766 2362 HebreOS.

273 2402 285 2434 ε
325 2380 448 2451 (V.:
489 2380 853 2452 sententiam).

274 2474 285 2507 :
324 2455 410 2508 vel
457 2473 677 2509 ornasse
725 2474 1042 2511 sermonem.
1083 2453 1178 2527 Ι(Α.
1199 2455 1260 2510 Β.
1277 2455 1367 2511 V.:
1418 2460 1472 2510 et
1519 2474 1736 2510 ornasse
1777 2473 1885 2510 ser-

333 2527 536 2599 mone).

272 2622 283 2654 :
325 2603 600 2729 {egihibat
641 2634 707 2640 —
749 2604 979 2657 hebreos
1020 2607 1074 2657 et
1113 2605 1188 2658 sie
1229 2622 1438 2673 semper
1474 2604 1531 2658 P.

274 2695 286 2729 ε
351 2695 370 2728 ι
395 2695 430 2729 ιι
453 2695 500 2729 0.

275 2769 286 2802 ε
327 2751 690 2819 amputauerit
743 2751 1030 2804 hebraicae
1087 2750 1198 2822 (V.:
1247 2751 1554 2821 ‘scripserat
1597 2754 1776 2805 autem
1823 2753 1886 2804 ut

328 2824 593 2877 hebraeus
633 2824 904 2878 hebraiee'
947 2826 1087 2895 om.).

327 2898 708 2951 dissertissime
749 2896 861 2969 (V.:
905 2900 1019 2952 solo
1059 2897 1311 2969 eloquio).
