1974 3192
747 175 1090 220 „XIX-

74 311 168 365 15:
209 309 500 380 discipulus
538 310 762 363 Domini
800 311 1094 380 loquantur
1134 310 1244 381 (A.:
1283 311 1682 382 loquebantur).

74 386 167 438 16:
207 385 328 437 libri
350 384 481 437 mihi
513 383 625 455 (V.:
650 385 786 437 mihi
810 385 952 438 libri.
976 415 1044 424 ——-
1071 385 1159 438 A.:
1191 385 1324 438 mihi
1353 388 1571 439 tantum
1598 384 1764 456 libri).

71 459 165 511 17:
204 461 514 526 personanb.

70 532 165 586 18:
205 550 270 584 ex
315 532 434 600 ipso
482 531 847 601 cathalogum.
887 562 956 568 —-
1007 531 1212 584 ‘alium'
1261 550 1364 585 om.
1412 563 1481 571 --
1532 534 1614 600 [ex
1651 533 1763 601 ipso

193 606 420 673 cataloyo
459 603 611 676 (B.)].
673 603 787 675 (V.:
828 605 909 658 de.
953 635 1013 643 -
1058 604 1146 659 A.:
1185 605 1279 675 in).

65 679 162 733 20:
201 678 590 732 Aristhionem.

0 769 1 797 1
65 755 164 807 21:
203 770 361 820 quam
399 793 411 807 .
451 753 803 807 ..traditam
841 750 972 823 (Am)
1027 749 1139 822 (V.:
1181 770 1286 821 qua
1327 793 1337 804 .
1378 750 1725 824 ,traditum).

67 827 163 882 24:
201 826 403 895 Papias
440 827 630 880 dicitur
666 826 806 879 mille
843 842 1102 879 annorum
1139 825 1410 878 iudaieum
1449 824 1537 896 (V.
1549 826 1610 879 B.
1623 828 1685 880 A.
1694 825 1763 880 N.

194 899 421 969 ‘papias'
463 919 566 954 om.
607 931 676 937 -—
717 899 807 952 V..
845 918 892 952 a.
930 898 1123 967 mille).

65 975 164 1029 25:
201 974 453 1027 hireneus
488 972 600 1045 (V.:
638 971 940 1044 hereneus).
973 1003 1043 1010 —-
1077 971 1169 1026 ‘et'
1208 974 1334 1043 post
1371 971 1510 1026 Iren.
1550 990 1654 1025 om.
1688 1003 1761 1013 —-—

203 1048 497 1118 [Irenaeas,
534 1048 864 1116 Apollinaris
901 1052 950 1100 et
985 1048 1172 1114 ceteri}

66 1123 166 1176 29:
204 1122 638 1192 peotabionensis
681 1119 791 1190 (vel
822 1117 1295 1190 Pietabionensis).
1355 1118 1468 1191 (V.:
1507 1118 1762 1173 Pebabio—

201 1197 399 1250 nensiS.
459 1195 551 1250 A.:
591 1193 1060 1266 Pictavionensis).
1101 1225 1171 1231 —
1210 1194 1367 1248 hane.

797 1296 910 1353 Pay.
943 1300 1022 1342 23.

151 1377 162 1411 :
203 1357 509 1426 discipoluS.

153 1451 166 1485 ε
207 1432 275 1485 ob
314 1451 405 1502 χρι
442 1432 703 1500 martyrio
745 1427 806 1485 δῖ
841 1434 1114 1485 eoronafio.

153 1525 164 1559 :
204 1507 264 1558 in
303 1506 405 1559 loco
444 1503 574 1577 (V.).
651 1503 762 1575 (A.:
801 1506 860 1558 in
898 1503 1116 1575 locum.)

151 1599 164 1633 :
202 1579 415 1633 hiemem
438 1580 681 1649 exeyisset
715 1579 997 1634 invisendi.
1023 1609 1092 1616 —
1129 1576 1239 1650 (V.:
1281 1596 1428 1649 exeg.
1465 1578 1646 1631 hieme
1682 1578 1763 1631 in-

206 1653 428 1707 visendl.

152 1748 163 1781 :
202 1651 460 1782 Eleusini
484 1726 695 1798 (Α.).-
719 1725 832 1798 (V.:
856 1725 1305 1797 Eleusinam).-
1238 1723 1441 1797 -.:(A
1466 1723 1764 1796 iniciatus).

157 1823 168 1855 ε
208 1802 616 1871 imperatorum.

72 1878 166 1930 10:
196 1880 410 1944 propter
456 1879 690 1930 nostram
734 1875 1028 1944 reliyionem
1078 1873 1166 1946 (A.
1184 1872 1272 1927 V.:
1319 1892 1416 1943 pro
1455 1876 1644 1926 nostra
1683 1891 1762 1926 re-

201 1950 241 2002 li
281 1950 404 2003 ione
434 1991 446 2002 .

72 2026 167 2078 11:
206 1967 385 2077 utgilem
406 1948 555 2095 )(A..)
634 2020 750 2092 (V.:
789 2020 1190 2092 necessarium.)

70 2100 165 2152 17:
204 2097 475 2151 Arisffidis.
517 2128 586 2135 —
626 2096 966 2166 phylosofus.

71 2174 164 2226 18:
204 2172 512 2240 discipolus.

70 2246 165 2300 19:
203 2246 426 2316 ratione,
465 2243 762 2299 ‘continens'
803 2261 900 2298 om.

66 2321 162 2373 20:
200 2319 480 2373 Hadriano
519 2319 765 2389 principe
805 2317 994 2371 ededit.

68 2394 164 2447 22:
203 2393 471 2463 filologuS.
533 2392 647 2465 (V.:
687 2392 1011 2462 philologus,
1036 2422 1106 2430 —
1141 2390 1230 2444 A.:
1268 2386 1663 2460 philosophos)
1695 2419 1756 2425 —

208 2466 361 2520 ‘eius'
402 2485 503 2521 om.

67 2541 166 2595 24:
204 2543 410 2610 pastor,
435 2559 569 2595 corr.
590 2538 684 2593 m.l
699 2544 879 2594 castor.
903 2538 1097 2610 (V.A.:
1124 2536 1406 2609 Castoris).
1423 2567 1493 2574 —
1521 2534 1641 2590 ‘vir'
1660 2554 1763 2589 om.

68 2615 166 2668 25:
206 2615 506 2668 adversum.

71 2689 168 2742 26:
211 2687 324 2760 (V.:
366 2687 696 2758 conficerat).

73 2762 172 2816 27:
211 2762 464 2816 misteria.

73 2836 172 2890 28:
204 2837 460 2890 barcaban
497 2840 546 2889 et
592 2834 854 2889 barcobeth
901 2832 1008 2904 (A.:
1054 2833 1322 2887 bartaban
1360 2835 1414 2885 et
1449 2830 1763 2884 bareobehss.

206 2940 276 2947 —
316 2909 404 2964 V.:
443 2908 772 2963 Bareabban
811 2912 866 2961 et
902 2906 1193 2976 Barchob).

105 1730 140 1855 eo—:l
102 1360 137 1635 ΦΟΘΝΩΗ
