1974 3192
757 299 891 374 cap.
945 299 1171 358 XCIV.

262 412 510 465 Asterius
520 455 534 481 ,
587 412 821 466 Arianae
860 413 1215 482 philosophus
1255 415 1531 484 factionis,
1587 414 1803 483 scripsit

113 488 374 555 regnante
414 485 734 540 Constantio
783 487 841 538 in
890 487 1172 554 epistulam
1219 488 1285 540 ad
1324 487 1596 541 Romanos
1651 491 1705 540 et
1743 488 1801 539 in

115 559 396 628 evangelia
445 563 500 612 et
544 560 601 611 in
640 560 878 627 psalmos
919 562 1333 613 commentarios
1374 566 1428 614 et
1465 563 1636 614 multa
1677 562 1798 629 alia,

113 650 252 701 quae
292 651 324 685 a
371 650 499 686 suae
537 633 708 702 partis
747 633 1056 686 hominibus
1097 634 1488 687 studiosissime
1526 636 1795 704 leguntur.
1829 647 1856 685 5

771 782 906 857 Gap.
960 782 1079 840 XC
1086 782 1147 841 V.

262 894 499 965 Lucifer,
547 895 891 949 Caralitanus
933 897 1213 965 episcopus
1255 915 1376 949 cum
1415 898 1705 950 Pancratio
1746 901 1799 949 et

113 968 340 1038 Hilario,
372 968 647 1023 Romanae
680 970 933 1023 ecclesiae
966 970 1170 1023 clericis
1203 969 1271 1024 ad
1295 969 1672 1024 Constantium
1703 971 1801 1022 im-

112 1045 416 1111 peratorem
457 1062 488 1095 a
518 1042 735 1096 Liberio
778 1044 1029 1112 episcopo
1068 1062 1166 1112 pro
1198 1044 1300 1097 fide
1339 1045 1548 1114 legatus
1588 1044 1802 1111 missus,

110 1135 235 1169 cum
274 1117 445 1170 nollet
485 1117 583 1170 sub
623 1117 842 1170 nomine
881 1117 1174 1170 Athanasii
1211 1117 1506 1172 Nicaenam
1545 1117 1800 1170 damnare
1836 1131 1890 1169 10

110 1190 295 1259 fidem,
335 1190 393 1242 in
431 1189 796 1243 Palaestinam
843 1192 1112 1261 relegatus
1159 1193 1324 1244 mirae
1373 1192 1708 1245 constantiae
1748 1193 1803 1242 et

114 1264 422 1331 praeparati
478 1264 644 1317 animi
694 1265 760 1317 ad
809 1265 1130 1334 martyrium
1186 1269 1372 1318 contra
1420 1265 1803 1319 Constantium

110 1337 493 1406 imperatorem
533 1339 749 1406 scripsit
795 1339 991 1392 librum
1032 1339 1185 1408 eique
1223 1339 1511 1409 legendum
1549 1338 1698 1390 misit
1739 1355 1802 1389 ac

110 1428 225 1463 non
263 1411 435 1464 multo
473 1414 600 1480 post
639 1413 738 1464 sub
778 1411 988 1465 Iuliano
1027 1413 1269 1482 principe
1307 1431 1551 1466 reversus
1591 1410 1799 1465 Caralis

110 1482 502 1538 Valentiniano
542 1489 802 1555 regnante
842 1486 995 1539 obiit.
1838 1495 1892 1535 15

757 1636 893 1711 Cap.
944 1636 1171 1696 XCVI.

261 1747 529 1802 Eusebius
540 1791 554 1818 ,
593 1751 813 1803 natione
854 1750 1052 1804 Sardus
1095 1755 1149 1804 et
1188 1770 1252 1804 ex
1288 1751 1490 1804 lectore
1523 1750 1670 1802 urbis
1695 1747 1805 1802 Ro-

111 1840 232 1874 mae
272 1821 634 1876 Vercellensis
683 1825 991 1893 episcopuS,
1046 1825 1114 1878 ob
1163 1824 1554 1878 confessionem
1599 1822 1723 1875 fidei
1773 1841 1806 1875 a

114 1894 437 1949 Constantio
476 1897 716 1965 principe
749 1896 1122 1967 Scythopolim
1162 1901 1216 1951 et
1253 1898 1376 1950 inde
1403 1896 1800 1966 Cappadociam

113 1970 384 2038 relegatus
445 1971 543 2023 sub
591 1970 802 2024 Iuliano
842 1972 1167 2040 imperatore
1218 1971 1285 2024 ad
1325 1971 1606 2024 ecclesiam
1647 1988 1798 2022 suam
1832 1981 1888 2019 20

113 2061 359 2096 reversus
410 2046 493 2096 est
541 2044 813 2114 ediditque
858 2045 914 2097 in
959 2046 1201 2114 psalmos
1243 2044 1654 2098 commentarios
1694 2042 1801 2095 Eu-

118 2117 254 2169 sebii
295 2115 686 2182 CaesariensiS,
732 2137 866 2188 quos
914 2119 978 2172 de
1019 2137 1211 2189 graeco
1258 2119 1316 2170 in
1362 2117 1591 2170 latinum
1630 2120 1803 2170 verte-

112 2193 222 2316 ἴξιέ,
268 2193 323 2243 et
360 2194 602 2244 mortuus
657 2195 740 2245 est
778 2191 1166 2246 Valentiniano
1208 2195 1263 2245 et
1300 2190 1532 2245 Valente
1570 2207 1803 2259 regnan·

141 2282 158 2315 1
199 2282 276 2318 ηε.

737 2342 872 2417 Cap.
927 2343 1193 2402 XCVII.
1834 2360 1892 2401 25

263 2454 710 2525 Fortunatianus,
748 2457 969 2510 natione
1010 2457 1155 2526 Afer,
1195 2455 1556 2526 Aquileiensis
1598 2454 1804 2522 episco-

114 2548 239 2598 puS‚
292 2530 593 2598 imperante
642 2529 966 2584 Constantio
1014 2531 1072 2583 in
1118 2531 1400 2601 evangelia
1447 2528 1621 2581 titulis
1664 2526 1803 2580 ordi-

116 2603 259 2655 natis
314 2603 503 2656 breves
559 2621 802 2657 sermone
849 2604 1052 2657 rustico
1102 2605 1320 2674 scripsit
1376 2600 1804 2667 commentarios,

116 2680 171 2728 et
208 2677 267 2728 in
303 2675 406 2730 hoc
443 2676 675 2730 habetur
713 2677 1066 2747 detestabilis,
1106 2678 1248 2747 quod
1274 2676 1568 2744 Liberium,
1603 2674 1805 2726 Roma-

236 2825 262 2866 8
297 2821 424 2867 Vat.:
456 2822 632 2879 Hylaro
737 2827 812 2869 *10
843 2823 971 2868 Vat.:
1004 2822 1242 2868 Anastasii
1370 2824 1426 2866 28
1460 2819 1643 2864 Bamb.:
1675 2817 1810 2863 brevi

116 2879 384 2937 rusticoque
503 2882 684 2927 Bamb.:
728 2881 1008 2938 conscripsit
