1974 3192
747 190 807 197 -
889 162 959 213 49
1044 192 1104 199 -

686 280 1174 356 Oap.LXXV1.

230 392 454 462 Pierius,
481 393 875 448 Alexandrinae
901 396 1156 449 ecclesiae
1179 397 1477 466 presbyter,
1503 398 1600 450 sub
1627 396 1765 451 Caro

83 472 139 523 et
163 465 503 520 Diocletiano
542 467 876 552 principibus
915 472 1158 538 tempore
1199 488 1304 539 quo
1344 471 1567 523 eandem
1606 473 1764 524 cccle-

81 543 218 596 siam
244 540 480 593 Thomas
522 542 803 610 episcopus
834 542 1085 611 regebat,
1122 543 1500 597 florentissime
1539 546 1765 614 populos

81 615 264 668 docuit
312 617 365 666 et
411 615 470 667 in
514 617 725 667 tantam
777 615 1038 668 sermonis
1087 615 1523 686 diversorumque
1570 620 1767 671 tracta·
1799 631 1825 670 5

81 693 260 757 tuum,
310 688 402 757 qui
440 705 610 771 usque
649 688 807 740 hodie
848 691 1088 757 exstant,
1126 690 1275 741 venit
1314 690 1662 779 elegantiam,
1707 696 1768 744 ut

83 761 342 832 Origenes
383 761 561 814 iunior
599 764 891 815 vocaretur.
955 760 1202 830 Constat,
1230 763 1372 816 hunc
1403 764 1569 816 mirae
1603 759 1767 833 ἀσκή-

82 849 222 898 σεως
267 839 322 887 et
370 835 730 903 appetitorem
769 835 1105 888 voluntariae
1150 837 1488 904 paupertatis
1530 838 1768 891 scientis-

83 910 382 978 simumque
430 908 739 960 dialecticae
787 908 919 961 artis
973 912 1099 977 post
1143 910 1571 977 persecutionem
1611 929 1768 963 omne

80 984 224 1036 vitae
265 998 392 1035 suae
429 984 643 1050 tempus
681 980 885 1034 Romae
923 981 1089 1035 fuisse
1126 985 1412 1035 versatum.
1471 982 1647 1036 Huius
1688 988 1770 1037 est
1803 998 1858 1037 10

86 1056 437 1127 longissimus
493 1057 756 1108 tractatus
814 1054 906 1107 ‘de
957 1056 1224 1139 propheta
1270 1054 1431 1109 Osee'
1433 1098 1447 1125 ‚
1502 1075 1659 1126 quem
1713 1059 1769 1109 in

85 1130 366 1201 pervigilio
406 1128 637 1199 paschae
676 1128 924 1182 habitum
962 1130 1078 1200 ipse
1119 1148 1293 1183 sermo
1334 1130 1682 1183 demonstrat.

584 1260 592 1265 ’
667 1280 803 1354 Cap.
852 1279 1196 1338 LXXVII.

234 1394 520 1462 Lucianus,
559 1394 641 1447 vir
672 1394 1072 1464 disertissimus,
1110 1394 1477 1449 Antiochenae
1518 1396 1769 1448 ecclesiae

81 1469 387 1540 presbyter,
440 1470 654 1521 tantum
709 1469 766 1520 in
823 1469 1211 1537 scripturarum
1260 1469 1439 1521 studio
1487 1469 1771 1538 laboravit,
1806 1482 1859 1520 15

84 1547 145 1597 ut
182 1560 352 1612 usque
392 1560 537 1595 nunc
577 1541 841 1611 quaedam
883 1543 1211 1612 exemplaria
1252 1543 1638 1610 scripturarum
1670 1543 1770 1595 Lu-

83 1617 226 1671 ciani
272 1616 524 1685 martyris
571 1619 962 1685 nuncupentur.
1045 1615 1314 1669 Feruntur
1360 1617 1472 1668 eius
1514 1616 1603 1670 ‘de
1642 1617 1771 1669 fide’

86 1690 255 1744 libelli
302 1693 356 1744 et
402 1691 591 1743 breves
642 1689 710 1742 ad
754 1690 1042 1743 nonnullos
1091 1690 1366 1760 epistulae.
1441 1689 1639 1743 Passus
1693 1695 1774 1743 est

84 1764 431 1818 Nicomediae
480 1764 548 1816 ob
589 1762 983 1816 confessionem
1022 1762 1227 1817 Christi
1266 1764 1365 1817 sub
1403 1765 1771 1833 persecutione

84 1838 369 1891 Maximini
410 1837 758 1906 sepultusque
796 1835 1122 1907 Helenopoli
1160 1837 1468 1907 Bithyniae.
1805 1851 1861 1890 20

642 1988 778 2062 Gap.
826 1988 1022 2046 LXX
1033 1987 1210 2047 VIII.

235 2103 454 2156 Phileas
503 2102 568 2155 de
615 2103 745 2156 urbe
784 2102 1043 2172 Aegypti,
1095 2120 1229 2172 quac
1276 2105 1498 2157 vocatur
1536 2102 1773 2167 ThmuiS‚

88 2177 260 2230 nobili
308 2194 502 2246 genere
550 2179 604 2229 et
649 2195 759 2230 non
798 2177 980 2246 parvis
1022 2177 1236 2246 opibus,
1285 2179 1531 2246 suscepto
1573 2177 1772 2245 episco-

86 2254 233 2320 patU,
265 2250 730 2319 elegantissimum
762 2250 961 2303 librum
988 2250 1071 2302 ‘de
1095 2253 1397 2319 martyrum
1421 2249 1599 2303 laude'
1633 2269 1771 2303 com-

85 2325 269 2394 posuit
318 2327 372 2377 et
418 2324 782 2392 disputatione
831 2327 1074 2378 actorum
1117 2323 1308 2377 habita
1348 2324 1599 2377 adversus
1638 2324 1769 2376 iudi·
1802 2335 1858 2374 25

89 2416 228 2468 cem,
267 2398 358 2468 qui
399 2416 520 2450 eum
562 2397 862 2451 sacrificare
903 2398 1156 2468 cogebat,
1203 2417 1301 2467 pro
1343 2397 1558 2451 Christo
1599 2398 1772 2466 capite

86 2475 368 2525 truncatur
407 2471 642 2524 eodem
627 2490 685 2523 1n
709 2470 962 2542 Aegypto
995 2472 1382 2540 persecutionis
1417 2474 1632 2524 auctore
1666 2489 1769 2539 quo

85 2545 354 2599 Lucianus
392 2543 751 2598 Nicomediae.

206 2695 232 2734 3
265 2690 447 2736 Bamb..
484 2690 647 2735 eodem
678 2694 910 2748 tempore;
943 2691 1104 2736 Bern:
1139 2705 1193 2735 eo
1224 2692 1432 2747 tempore
1582 2693 1607 2732 9
1640 2689 1771 2732 V.:at

87 2751 196 2807 post
225 2748 599 2806 persecutionem
622 2763 732 2794 vero
799 2755 851 2793 11
878 2748 1064 2794 Bamb.·
1096 2749 1144 2794 in
1167 2750 1443 2807 prophetam
1508 2753 1559 2792 12
1585 2746 1772 2791 Bamb.·

87 2807 345 2866 pervilegio
471 2813 526 2851 14
555 2809 743 2853 Bamba
775 2807 1079 2853 Nicomediae
1201 2813 1256 2852 23
1289 2808 1470 2852 Bamb:
1506 2805 1676 2851 nobilis

89 2873 146 2912 25
177 2867 360 2912 Bamb.:
394 2869 635 2912 auctorum

176 2949 367 2991 Herding,
396 2950 663 2990 Hieronymus.
1391 2944 1418 2982 4
