1974 3192
799 233 1198 285 „100-

155 354 318 405 etiam
367 351 776 404 rusticationem
826 351 1012 402 contra
1060 348 1199 402 vires
1239 367 1393 418 suas,
1431 349 1596 401 homo
1648 365 1840 417 genere

156 427 331 478 clarus
379 427 433 477 et
479 425 646 495 longe
698 424 855 476 aliter
894 423 1163 491 educatus,
1203 423 1460 490 exercuit,
1507 421 1598 474 sed
1644 439 1742 474 nec
1780 421 1840 473 in

125 498 489 567 spiritalibus
529 498 785 567 neglexit.
846 495 989 549 Nam
1021 499 1075 549 et
1112 497 1169 548 in
1201 496 1440 549 docendo
1481 495 1712 564 gratiam
1750 494 1842 547 ha-

156 572 275 624 buit
313 575 366 624 et
405 572 607 641 absque
654 589 1006 640 personarum
1047 570 1353 638 acceptione
1395 568 1644 622 omnibus
1684 569 1840 621 casti-

97 659 124 698 5
157 647 342 715 gatum
384 663 516 714 opus
557 645 971 714 praedicationis
1011 643 1254 713 ingessit.
1314 643 1542 713 Ingenio
1583 660 1708 696 vero
1747 642 1841 694 im-

155 719 370 771 mortali
410 719 592 787 aliqua
643 722 696 771 et
733 737 901 787 parva
940 717 1128 782 edidit,
1180 735 1315 787 quae
1355 717 1593 769 eruditae
1633 716 1843 768 animae

157 795 211 844 et
249 792 421 845 fidelis
461 793 679 859 linguae
717 791 912 845 indicio
953 794 1103 860 sunt,
1142 791 1199 844 in
1231 791 1423 860 quibus
1462 790 1750 859 praecipuo
1790 793 1844 842 et

158 866 224 918 ad
263 866 556 918 multorum
596 866 884 920 utilitatem
923 865 1223 918 necessario
1265 882 1423 934 opere
1462 865 1631 917 vitam
1671 863 1844 916 sancti

156 938 446 1008 Honorati,
495 940 787 992 decessoris
828 940 910 992 sui
949 939 1263 1008 composuit.
1338 938 1567 991 Moritur
1604 937 1843 991 Valenti-

71 1028 126 1067 10
158 1013 320 1066 niano
363 1016 416 1067 et
453 1013 724 1066 Martiano
764 1013 1170 1082 imperantibus

791 1207 926 1280 Gap.
976 1206 1219 1263 LXXI.

304 1334 435 1403 Leo,
476 1335 624 1388 urbis
664 1334 871 1388 Romae
911 1335 1211 1403 episcopuS,
1253 1335 1468 1403 scripsit
1509 1334 1597 1387 ead
1634 1334 1842 1388 Flavia-

157 1407 322 1476 num',
354 1406 983 1477 Constantinopolitanae
1023 1409 1278 1461 ecclesiae
1310 1409 1636 1478 episcopum,
1669 1408 1852 1462 adver-

163 1501 252 1535 sus
276 1482 566 1550 Eutychen
604 1483 1006 1551 presbyterum,
1037 1482 1127 1551 qui
1161 1484 1288 1535 tunc
1321 1483 1614 1535 ambitione
1647 1482 1847 1552 episco-

73 1571 128 1612 15
159 1559 320 1624 patus
343 1574 487 1609 nova
518 1556 577 1608 in
609 1556 890 1609 ecclesiam
914 1556 1235 1609 moliebatur
1258 1555 1522 1625 inducere,
1546 1556 1849 1625 epistulam,

74 1940 132 1980 20

72 2308 128 2348 25

162 1630 220 1682 in
251 1647 355 1698 qua
387 1629 641 1683 admonet
673 1649 816 1700 eum,
845 1633 909 1683 ut
939 1630 983 1683 si
1016 1630 1357 1683 confiteretur
1389 1647 1622 1683 errorem
1654 1633 1707 1682 et
1737 1631 1850 1699 pol·

161 1704 409 1756 liceretur
450 1703 903 1772 emendationem,
943 1704 1205 1772 reciperet
1244 1721 1390 1773 eum3
1431 1704 1477 1756 si
1517 1707 1695 1756 autem
1734 1722 1850 1772 per-

165 1778 378 1830 sisteret
422 1777 480 1829 in
525 1778 762 1847 incepto,
811 1797 932 1831 cum
981 1796 1078 1831 sua
1123 1777 1296 1829 heresi
1335 1778 1698 1830 damnaretur.
1773 1776 1850 1830 Si-

163 1851 363 1903 militer
403 1851 558 1904 docet
606 1853 663 1904 in
701 1853 821 1920 ipsa
861 1852 1091 1921 epistula
1130 1853 1184 1903 et
1222 1851 1416 1904 divinis
1457 1851 1737 1904 confirmat
1774 1854 1849 1903 te—

166 1925 458 1994 stimoniiS,
504 1924 798 1978 Dominum
842 1928 1091 1978 nostrum
1136 1924 1315 1978 Iesum
1363 1923 1658 1994 Christum,
1714 1925 1852 1978 sicut

161 2002 418 2068 paternae
445 1999 748 2051 divinitatis
781 1999 973 2068 filium,
1005 1999 1082 2051 ita
1112 2017 1296 2063 verum
1328 1998 1596 2051 humanae
1627 2001 1851 2051 naturae

163 2090 278 2124 esse
329 2072 602 2125 hominem
650 2073 992 2141 credendum,
1046 2073 1101 2125 id
1153 2076 1235 2124 est
1285 2090 1349 2124 ex
1401 2090 1557 2124 carne
1605 2071 1850 2142 Virginis

163 2164 377 2198 carnem
426 2147 655 2198 traxisse
712 2150 766 2199 et
814 2164 924 2199 non
975 2146 1038 2198 de
1086 2146 1233 2198 caelo
1281 2163 1474 2215 corpus
1523 2146 1881 2215 exhibuisse3⁴

164 2219 300 2272 sicut
340 2223 394 2271 et
431 2219 703 2288 Eutyches
744 2221 1031 2272 asserebat.
1107 2219 1336 2272 Moritur
1375 2219 1552 2273 Leone
1594 2222 1647 2272 et
1685 2219 1852 2289 Majo-

163 2293 317 2347 riano
357 2294 790 2362 imperatoribus,

775 2460 910 2534 Cap.
959 2459 1240 2541 LXXII.

309 2588 645 2657 MochimUS‚
683 2587 1107 2657 Mesopotamius
1147 2587 1289 2656 apud
1326 2587 1670 2641 Antiochiam
1709 2607 1853 2657 pres-

165 2663 342 2732 byter,
398 2663 658 2715 adversus
712 2662 995 2731 Eutychen
1056 2661 1330 2732 egregium
1391 2662 1587 2715 librum
1643 2665 1696 2714 et
1749 2663 1853 2715 alia

168 2737 397 2789 scribere
438 2736 654 2806 dicitur,
692 2754 827 2805 quae
865 2736 1094 2789 necdum
1131 2735 1255 2804 legi.

284 2887 309 2926 5
342 2882 499 2927 Bern.:
537 2896 726 2938 corpus3
757 2880 919 2925 Bamb.
953 2882 1002 2924 et
1031 2881 1224 2925 Veron:
1258 2880 1539 2937 castigatum
1569 2879 1766 2938 ingessit

168 2947 192 2985 7
226 2940 411 2986 Bamb.:
445 2941 696 2998 praecipue
818 2945 871 2984 27
906 2938 1092 2984 Bamb.:
1126 2939 1528 2997 Mesopotamenus
