1974 3192
752 178 1109 231 ..75-

100 310 231 346 suae
278 291 493 361 scripsit
540 293 848 363 epistulam,
894 295 950 347 in
996 314 1100 366 qua
1146 295 1302 350 docet
1346 298 1499 351 illum
1537 299 1772 367 perfecte

92 366 209 419 Deo
255 383 413 435 posse
469 366 691 436 servire,
747 368 838 437 qui
895 369 1260 422 condicionem
1310 372 1596 425 creationis
1644 391 1771 425 suae

93 456 424 510 cognoscens
459 440 526 492 ad
559 458 742 493 omnes
777 445 947 494 semet
976 442 1156 510 ipsum
1186 443 1528 498 inclinaverit
1557 446 1770 499 labores

93 517 147 566 et
192 513 448 566 luctando
497 514 779 567 adversum
830 533 989 568 omne
1035 516 1178 584 quod
1224 516 1282 569 in
1319 517 1421 570 hac
1458 518 1571 570 vita
1611 537 1771 571 suave

89 589 172 640 est
225 589 385 655 atque
433 587 691 640 auxilium
737 588 1074 657 implorando
1130 590 1196 642 ad
1241 591 1541 643 naturalem
1589 610 1770 661 perve-

91 660 242 712 niens
281 661 596 728 puritatem,
637 661 1027 714 continentiam
1073 663 1221 715 velut
1267 667 1492 717 naturae
1531 665 1770 718 debitum

88 752 282 787 munus
323 733 627 787 obtinuerit.

782 884 917 959 Gap.
971 884 1084 942 XI.

238 996 508 1066 Euagrius
540 998 836 1051 monachus
846 1040 860 1067 ,
893 1016 1053 1067 supra
1086 998 1217 1051 dicti
1239 998 1461 1052 Macarii
1490 1000 1771 1052 familiaris

91 1071 404 1139 discipulus,
444 1071 623 1123 divina
663 1075 718 1124 et
755 1072 993 1124 humana
1023 1073 1328 1125 litteratura
1357 1073 1653 1126 instructus
1694 1077 1770 1126 at-

90 1163 191 1215 que
238 1145 491 1214 insigniS,
539 1145 687 1198 cuius
735 1147 896 1198 etiam
944 1146 1102 1214 liber,
1149 1146 1239 1214 qui
1285 1146 1604 1199 adtitulatur
1642 1145 1773 1199 ‘vita

86 1217 338 1288 patrum',
369 1219 516 1271 velut
549 1219 999 1272 continentissimi
1030 1222 1084 1271 et
1115 1219 1465 1272 eruditissimi
1487 1221 1597 1272 viri
1628 1239 1772 1272 men-

87 1293 292 1346 tionem
338 1292 491 1361 facit,
546 1293 759 1361 scripsit
815 1293 988 1345 multa
1039 1293 1319 1346 monachis
1366 1294 1690 1362 necessaria,
1745 1312 1772 1346 e

83 1367 285 1436 quibus
316 1366 422 1418 ista
456 1368 606 1419 sunt:
649 1365 922 1419 ‘adversus
956 1369 1077 1419 octo
1110 1366 1487 1435 principalium
1521 1367 1772 1420 vitiorum

91 1438 501 1510 suggestiones’,
542 1458 675 1508 quas
716 1443 810 1492 aut
848 1440 1055 1508 primus
1097 1440 1327 1493 advertit
1365 1442 1458 1493 aut
1488 1440 1630 1493 inter
1667 1441 1771 1509 pri-

89 1532 206 1566 mos
248 1513 458 1581 didicit,
506 1516 627 1566 octo
676 1532 739 1566 ex
787 1517 1095 1566 sanctarum
1133 1516 1349 1566 tantum
1388 1514 1773 1582 scripturarum

88 1587 414 1640 testimoniis
455 1587 710 1656 opposuit
747 1588 935 1656 libros,
975 1587 1043 1639 ad
1083 1587 1490 1640 similitudinem
1529 1588 1774 1640 videlicet

90 1661 332 1729 Domini,
380 1661 472 1730 qui
516 1661 833 1730 temptatori
880 1678 975 1714 suo
1025 1679 1234 1729 semper
1273 1661 1658 1730 scripturarum
1695 1664 1773 1713 te-

90 1735 361 1788 stimoniis
402 1734 664 1803 obviavit,
709 1735 788 1787 ita
833 1737 896 1787 ut
933 1753 1284 1804 unaquaeque
1324 1736 1410 1788 vel
1449 1735 1650 1788 diaboli
1687 1735 1770 1787 vel

88 1810 310 1862 vitiatae
350 1811 578 1861 naturae
619 1808 1028 1878 suggestionum
1069 1812 1259 1861 contra
1299 1826 1354 1860 se
1392 1808 1595 1861 habeat
1625 1809 1772 1861 testi-

89 1882 344 1936 monium.
429 1881 584 1944 Quod
629 1887 813 1935 tamen
860 1900 993 1950 opus
1035 1882 1218 1935 eadem
1258 1882 1619 1951 simplicitate,
1667 1900 1773 1951 qua

89 1958 146 2009 in
186 1973 379 2026 graeco
426 1956 632 2026 inveni,
678 1956 855 2009 iussus
901 1956 959 2009 in
1002 1956 1230 2008 latinum
1267 1956 1538 2008 transtuli.
1616 1954 1771 2008 Gom-

89 2031 272 2099 posuit
333 2032 387 2082 et
447 2030 784 2083 anachoretis
849 2030 1164 2098 simpliciter
1216 2029 1519 2082 viventibus
1574 2029 1774 2081 librum

91 2104 326 2157 ‘centum
373 2103 785 2157 sententiarum'
833 2122 928 2174 per
972 2103 1213 2172 ‘capitula
1253 2103 1523 2172 digestum
1564 2105 1618 2154 et
1659 2120 1774 2154 eru-

91 2178 219 2231 ditis
275 2195 337 2230 ac
391 2178 646 2231 studiosis
693 2177 824 2231 viris
885 2177 1299 2247 ‘quinquaginta
1346 2174 1772 2243 sent'entiarum',

92 2270 251 2322 quem
292 2268 391 2321 ego
431 2251 660 2303 latinum
691 2251 896 2320 primus
927 2251 1047 2304 feci.
1109 2249 1251 2304 Nam
1284 2250 1611 2319 superiorem
1645 2249 1774 2301 olim

90 2326 439 2393 translatum,
495 2325 619 2394 quia
670 2324 923 2378 vitiatum
971 2328 1024 2378 et
1076 2343 1172 2393 per
1225 2327 1437 2393 tempus
1493 2323 1775 2377 confusum

90 2400 224 2468 vidi,
262 2399 462 2468 partim
501 2399 965 2468 reinterpretando
1000 2399 1200 2467 partim
1233 2397 1562 2451 emendando
1596 2399 1774 2449 aucto-

90 2473 166 2526 ris
206 2473 421 2527 veritati
460 2473 690 2527 restitui.
768 2471 1087 2540 Composuit
1125 2475 1178 2524 et
1216 2471 1478 2524 cenobitis
1520 2489 1582 2523 ac
1615 2487 1773 2537 syno-

92 2547 220 2600 ditis
254 2547 555 2600 doctrinam
588 2549 771 2614 aptam
809 2547 953 2599 vitae
987 2545 1286 2598 communis
1328 2548 1380 2597 et
1412 2544 1479 2597 ad
1510 2543 1772 2612 virginem

91 2620 209 2674 Deo
242 2622 509 2674 sacratam
542 2619 786 2672 libellum
820 2621 1210 2688 competentem
1242 2618 1492 2687 religioni
1524 2620 1579 2670 et
1611 2616 1774 2669 sexui.

92 2693 279 2748 Edidit
324 2697 379 2747 et
423 2712 623 2764 paucas
670 2693 1020 2747 sententiolas
1076 2692 1235 2746 valde
1283 2692 1535 2745 obscuras
1588 2693 1663 2758 et,
1717 2691 1778 2740 ut

212 2829 239 2869 3
270 2824 456 2871 Bamb.:
499 2825 682 2869 labores
720 2823 943 2868 luctando
983 2823 1126 2879 atque
1159 2854 1173 2869 .
1206 2857 1215 2867 .
1249 2857 1258 2866 .
1293 2854 1306 2867 .
1420 2824 1445 2864 5
1478 2819 1662 2863 Bamb.:
1697 2832 1774 2861 na·

91 2884 291 2928 turalem
323 2897 506 2940 quoque
631 2888 685 2928 10
717 2882 847 2928 Van:
879 2882 1115 2926 mundana

1806 1090 1860 1128 10

1808 1455 1859 1494 15

1805 1823 1861 1863 20

1808 2191 1862 2230 25

1806 2561 1862 2601 30
