1974 3192
145 607 171 646 5

864 184 1222 235 ...24-

200 300 464 371 quaedam
519 300 752 353 barbara
805 299 1028 352 nomina
1090 301 1145 352 et
1205 299 1363 352 deum
1415 299 1709 353 maximum
1771 299 1889 352 eius

198 374 472 443 Abraan,
511 373 604 442 qui
644 372 798 442 quasi
836 390 1036 426 annum
1070 372 1355 426 continens
1386 373 1536 427 iuxta
1560 372 1886 426 Graecorum

197 447 421 501 nomina
467 449 804 516 supputetur.
879 445 1122 499 Moratus
1170 447 1351 499 autem
1398 449 1481 500 est
1517 446 1804 515 Basilides,
1854 463 1889 498 a

201 538 305 590 quo
345 519 604 590 gnostici,
634 519 692 572 in
715 518 1048 573 Alexandria
1078 519 1412 588 temporibus
1435 518 1714 573 Hadriani.
1767 519 1890 582 Qua

203 595 527 662 tempestate
567 596 622 647 et
661 591 961 662 CochebaS,
1008 593 1114 646 dux
1152 593 1392 647 iudaicae
1431 593 1697 662 factioniS,
1736 592 1890 647 Chri-

201 667 406 721 stianos
445 667 608 721 variis
649 667 924 736 suppliciis
965 667 1219 720 enecavit.

845 817 982 892 Cap
1037 817 1257 876 XXII.

350 930 715 1002 Hegesippus,
776 933 983 985 vicinus
1048 933 1416 1001 apostolorum
1469 936 1771 1001 temporum
1836 935 1893 984 et

205 1023 391 1058 omnes
432 1024 464 1058 a
501 1006 751 1075 passione
775 1004 995 1059 Domini
1033 1024 1202 1075 usque
1243 1006 1310 1059 ad
1342 1024 1493 1059 suam
1533 1007 1767 1059 aetatem
1807 1023 1890 1058 00-

116 1092 172 1132 10
204 1080 627 1134 clesiasticorum
682 1082 898 1132 actuum
951 1083 1140 1132 texens
1194 1079 1450 1134 historias
1497 1080 1769 1150 multaque
1822 1079 1891 1132 ad

114 1460 169 1501 15

113 1831 171 1870 20

112 2199 170 2238 25

202 1153 497 1206 utilitatem
535 1153 832 1223 legentium
864 1153 1194 1221 pertinentia
1226 1153 1354 1206 hinc
1384 1154 1507 1206 inde
1538 1170 1892 1225 congreganS,

203 1227 436 1296 quinque
467 1227 635 1280 libros
669 1227 975 1295 composuit
1008 1244 1251 1280 sermone
1284 1227 1531 1296 simplici,
1554 1229 1630 1296 ut,
1662 1245 1891 1297 quorum

202 1301 372 1353 vitam
405 1301 729 1368 sectabatur,
755 1300 963 1353 dicendi
986 1318 1196 1371 quoque
1223 1302 1542 1370 exprimeret
1566 1300 1892 1355 charactera.

201 1373 415 1427 Asserit
467 1393 523 1427 se
561 1374 771 1427 venisse
821 1374 920 1427 sub
959 1374 1192 1428 Aniceto
1230 1374 1485 1444 Romam,
1523 1376 1614 1444 qui
1654 1375 1891 1429 decimus

202 1450 328 1516 post
365 1447 584 1500 Petrum
625 1446 908 1517 episcopus
947 1448 1075 1515 fuit,
1114 1451 1168 1501 et
1205 1466 1578 1517 perseverasse
1617 1467 1782 1518 usque
1823 1448 1892 1501 ad.

202 1521 595 1591 Eleutherium,
650 1522 888 1574 eiusdem
942 1522 1093 1575 urbis
1148 1523 1482 1593 episcopum,
1536 1523 1628 1591 qui
1674 1522 1892 1577 Aniceti

203 1595 474 1664 quondam
514 1595 770 1649 diaconus
809 1595 1001 1649 fuerat.

349 1668 637 1722 Praeterea
668 1669 951 1723 adversum
983 1669 1129 1723 idola
1160 1670 1470 1740 disputans,
1510 1688 1617 1740 quo
1655 1671 1891 1740 primum

203 1760 381 1796 errore
415 1743 724 1812 crevissent,
763 1743 1002 1797 subtexit
1041 1743 1347 1814 historiam,
1386 1762 1449 1797 ex
1491 1762 1596 1814 qua
1637 1745 1890 1813 ostendit,

204 1835 310 1885 qua
340 1819 518 1869 aetate
548 1817 840 1871 floruerint.
894 1818 989 1870 Ait
1012 1818 1179 1871 enim:
1211 1818 1466 1872 ‘tumulos
1498 1818 1725 1872 mortuis
1757 1821 1892 1872 tem-

203 1891 400 1960 plaque
447 1890 712 1959 fecerunt,
760 1892 898 1944 sicut
942 1892 1101 1945 hodie
1140 1892 1383 1945 videmus
1391 1934 1407 1961 ,
1455 1911 1518 1945 ex
1567 1892 1759 1961 quibus
1809 1896 1894 1945 est

204 1964 505 2033 Antinous,
545 1983 730 2019 servus
771 1964 1034 2018 Hadriani
1076 1964 1345 2036 Caesaris,
1392 1967 1542 2019 cuius
1585 1970 1639 2019 et
1676 1966 1890 2036 gymni-

206 2055 298 2090 cus
330 2054 475 2107 agon
507 2042 782 2092 exercetur
805 2038 1094 2108 Antinous,
1126 2039 1506 2124 civitatemque
1540 2058 1603 2092 ex
1629 2040 1741 2092 01118
1766 2057 1890 2093 con-

206 2111 340 2163 didit
378 2112 597 2165 nomine
639 2115 692 2165 et
730 2113 1023 2181 prophetas
1066 2114 1257 2167 statuit
1296 2114 1354 2166 in
1390 2112 1629 2183 templo?
1906 2178 1909 2180 ,

351 2185 648 2238 Antinoum
698 2190 878 2239 autem
925 2187 983 2239 in
1036 2187 1238 2241 deliciis
1286 2187 1541 2241 habuisse
1579 2186 1892 2241 Hadrianus

206 2257 407 2312 Caesar
446 2259 709 2313 scribitur.

832 2381 967 2456 Cap.
1007 2381 1267 2440 XXIII.

352 2495 592 2549 Iustinus
634 2495 1012 2567 philosophus,
1059 2497 1250 2550 habitu
1289 2515 1497 2566 quoque
1537 2497 1891 2567 philosopho-

201 2588 319 2622 rum
374 2569 649 2639 incedens,
707 2569 770 2622 de
826 2568 1084 2639 Neapoli,
1138 2571 1270 2624 urbe
1317 2570 1682 2640 Palaestinae,
1735 2573 1893 2640 patre

321 2719 347 2758 3
380 2714 566 2760 Bamb.:
595 2716 802 2759 mortuus
835 2716 907 2759 est
937 2717 1094 2761 autem
1233 2721 1286 2760 16
1317 2716 1479 2761 Bamb.
1513 2717 1560 2760 et
1590 2716 1719 2762 Vat:
1751 2715 1891 2760 Eleu

201 2772 372 2818 terium
519 2777 571 2818 18
604 2773 788 2819 Bamb..
822 2774 1040 2830 quoniam
1186 2780 1241 2819 19
1273 2774 1505 2820 Norimb.:
1539 2775 1774 2819 subtexuit

203 2836 257 2876 21
293 2833 373 2877 aL:
406 2846 553 2889 usque
585 2832 724 2877 hodie
847 2837 902 2876 22
935 2834 1018 2877 al..
1060 2834 1134 2878 0111
1255 2839 1309 2879 23
1343 2834 1572 2879 Νο111111).;
1606 2834 1730 2891 apud
1760 2833 1893 2878 Anti-

206 2904 348 2936 noum
382 2890 646 2948 civitatem3
678 2891 863 2937 Bamb.:
894 2892 1149 2937 Antinoum
1181 2893 1512 2950 civitatemque
