1974 3192
780 155 1177 206 -71-‘

113 269 342 339 stitate'‚
385 270 687 323 adversum
727 269 950 340 gentes',
990 270 1073 324 ‘de
1113 272 1509 326 constructione
1547 273 1799 325 taberna-

112 343 258 413 culi',
305 343 388 396 ‘de
421 343 664 413 gentium
696 344 1131 409 conversatione',
1172 345 1254 397 ‘de
1285 362 1453 415 regno
1478 345 1799 415 Persarum'‚

118 417 202 470 ‘de
240 417 615 485 persecutione
656 416 1125 471 Christianorum'.
1202 417 1517 487 Composuit
1555 422 1610 471 et
1647 419 1801 473 chro-

116 491 278 543 nicon
315 490 540 543 minoris
573 491 786 559 quidem
811 490 1137 544 Graecorum
1170 492 1519 556 curiositatis,
1557 493 1649 545 sed
1687 511 1800 546 ma·

116 565 246 617 ioris
301 564 551 632 fiduciae,
606 564 732 633 quia
787 564 1088 617 divinarum
1144 565 1531 633 scripturarum
1585 568 1799 619 tantum
1861 578 1888 618 5

113 637 440 691 auctoritate
503 640 871 691 constructum
940 638 1243 705 comprimit
1298 657 1392 691 ora
1445 657 1652 707 eorum,
1707 639 1799 708 qui

116 713 565 780 praesumptuosa
612 711 915 779 suspicione
961 710 1025 762 de
1081 710 1316 763 adventu
1364 712 1668 764 antichristi
1715 713 1800 765 vel

115 784 336 837 Domini
373 784 548 838 nostri
584 783 818 836 inaniter
855 783 1321 852 philosophantur.

262 857 494 910 Moritur
547 857 634 910 hie
693 857 751 909 in
798 855 1103 909 Constantii
1150 857 1486 925 temporibus
1542 861 1596 910 et
1647 860 1798 912 iuxta

114 933 462 1000 praeceptum
504 931 675 998 patris
723 930 835 982 eius
891 927 1236 982 Constantini
1286 930 1431 983 intra
1479 949 1659 984 muros
1699 932 1796 985 Ni·
1832 946 1886 985 10

115 1004 232 1057 sibe
281 1004 536 1072 sepelitur
583 1004 652 1056 ob
701 1002 1002 1056 custodiam
1049 1002 1298 1055 videlicet
1345 1004 1602 1072 civitatis3
1658 1005 1799 1074 quod

115 1078 406 1131 secundum
452 1077 612 1130 fidem
654 1075 1000 1130 Constantini
1039 1077 1232 1129 evenit.
1307 1075 1450 1129 Nam
1495 1081 1621 1145 post
1667 1079 1800 1130 mul-

35 1159 39 1161 ’
115 1154 202 1204 108
251 1170 422 1204 annos
472 1151 748 1220 ingressus
796 1150 1038 1203 Iulianus
1089 1149 1319 1203 Nisiben
1366 1153 1420 1202 et
1466 1151 1548 1202 vel
1596 1153 1801 1220 gloriae

117 1225 314 1293 sepulti
353 1224 600 1277 invidens
638 1224 724 1277 vel
763 1223 886 1276 fidei
911 1222 1280 1290 Constantini,
1320 1224 1469 1276 cuius
1510 1225 1579 1276 ob
1619 1225 1672 1276 id
1713 1225 1802 1278 do-

117 1317 264 1351 mum
319 1298 764 1367 persequebatur,
814 1297 972 1350 iussit
1020 1297 1195 1349 efferri
1247 1297 1310 1348 de
1362 1297 1579 1350 civitate
1631 1299 1803 1351 sancti
1837 1311 1890 1350 15

112 1371 356 1440 corporis
396 1371 681 1441 reliquias3
738 1373 791 1423 et
836 1374 963 1439 post
1007 1389 1207 1439 paucos
1257 1388 1470 1422 menses
1529 1372 1802 1424 consulen-

115 1445 216 1498 dae
269 1446 397 1498 licet
455 1447 645 1498 causa‘
669 1444 995 1514 reipublicae
1048 1443 1301 1497 Iovianus
1355 1445 1666 1514 imperator,
1712 1445 1805 1514 qui

115 1519 328 1572 Iuliano
371 1521 730 1583 successerat,
769 1518 993 1570 tradidit
1029 1517 1276 1571 barbaris
1318 1517 1614 1587 civitatem,
1669 1536 1804 1587 quae

114 1612 283 1663 usque
321 1593 481 1646 hodie
514 1592 801 1646 Persarum
841 1592 1040 1644 dicioni
1080 1609 1201 1644 cum
1234 1591 1432 1644 finibus
1475 1592 1584 1644 suis
1626 1592 1802 1645 servit.

804 1743 940 1817 Gap.
990 1742 1117 1799 III.
1838 1753 1892 1791 20

263 1859 453 1926 11111118,
492 1858 642 1911 urbis
674 1857 879 1910 Romae
919 1857 1213 1926 episcopus,
1254 1856 1471 1924 scripsit
1504 1856 1570 1908 ad
1594 1855 1797 1925 Diony-

114 1934 256 1987 sium
288 1901 552 2002 quendam
577 1931 640 1984 de
664 1931 1034 1984 incarnatione
1058 1930 1281 1983 Domini
1306 1930 1594 1998 epistulam
1618 1948 1797 1998 unam,

116 2025 252 2077 quae
290 2007 384 2060 illo
426 2005 639 2077 quidem
676 2007 916 2074 tempore
947 2004 1093 2056 utilis
1132 2005 1249 2057 visa
1281 2006 1362 2056 est
1401 2003 1652 2056 adversus
1693 2021 1799 2070 008,

114 2082 208 2151 qui
245 2081 324 2133 ita
363 2079 493 2132 duas
531 2098 628 2148 per
664 2078 1095 2148 incarnationem
1136 2078 1449 2130 asserebant
1487 2077 1544 2129 in
1583 2075 1796 2129 Christo

115 2172 392 2223 personaS,
432 2154 571 2206 sicut
610 2155 663 2205 et
700 2155 938 2236 naturas,
970 2169 1113 2204 nunc
1139 2154 1318 2204 autem
1349 2151 1651 2219 perniciosa
1679 2169 1799 2218 pro·
1832 2163 1887 2201 25

116 2229 303 2281 batur:
351 2227 591 2280 fomento
633 2226 776 2279 enim
817 2229 898 2279 est
921 2225 1296 2293 Eutychianae
1337 2228 1391 2277 et
1416 2224 1802 2277 Timotheanae

116 2301 428 2372 impietatis

826 2406 960 2481 Gap.
1011 2406 1099 2463 II.

270 2523 539 2576 Paulonas
577 2522 876 2591 presbyter,
916 2520 1227 2604 discipulus·
1248 2519 1394 2571 beati
1419 2517 1656 2586 Ephrem
1696 2516 1806 2568 dia·

122 2597 270 2666 coni,
308 2597 472 2649 homo
513 2595 649 2648 acris
688 2594 844 2647 valde
881 2594 1088 2664 ingenii
1129 2596 1183 2646 et
1212 2593 1270 2645 in
1302 2591 1493 2644 divinis
1528 2590 1803 2659 scripturis
1837 2571 1895 2642 30

239 2747 264 2785 8
297 2741 386 2786 hoc
408 2741 511 2785 1000
536 2740 708 2785 desinit
731 2739 873 2796 eaput
889 2740 910 2782 Ι
940 2739 988 2782 111
1012 2738 1241 2783 Vaticano
1306 2741 1360 2780 10
1378 2735 1610 2780 Norimba
1645 2734 1776 2778 iuxta

119 2801 302 2845 Bamb.·
339 2799 560 2853 Niziben3
592 2798 822 2843 Norimba
855 2797 1076 2842 Nizibene
1245 2801 1299 2840 19
1330 2794 1562 2839 Norimb.:
1596 2792 1805 2838 subiecta

118 2859 263 2905 servit
376 2865 432 2904 26
463 2858 627 2903 Bamb.
661 2859 709 2902 et
731 2856 961 2902 Norimb.:
994 2857 1253 2901 fomentum
