1974 3192
822 172 1191 224 „22-

161 287 431 342 Neronem
485 288 879 357 persecutione,
936 286 1195 356 Smyrnae
1253 287 1472 342 sedente
1519 289 1840 358 proconsule

163 366 216 414 et
255 362 503 414 universo
536 362 735 430 populo
768 361 827 413 in
859 360 1258 430 amphitheatro
1292 361 1543 415 adversus
1577 379 1699 414 eum
1730 379 1849 431 per·

162 439 412 503 sonante,
461 435 576 503 igni
625 435 857 488 traditus
897 437 991 488 est.
1081 432 1310 503 Scripsit
1360 435 1427 487 ad
1475 435 1848 504 Philippenses

161 508 314 561 valde
373 508 561 560 utilem
618 508 929 577 epistulam,
977 526 1113 578 quae
1158 526 1328 577 usque
1373 508 1532 562 hodie
1577 509 1636 562 in
1681 508 1846 562 Asiae

104 598 129 635 5
163 585 430 635 conventu
469 583 681 652 legitur.

792 702 927 778 Gap.
980 703 1046 760 X
1057 702 1234 761 VIII.

307 816 504 886 Papias
513 858 527 885 ,
566 816 828 870 Iohannis
875 817 1102 887 auditor,
1139 816 1579 887 Hierapolitanus
1619 818 1676 870 in
1714 817 1850 870 Asia

161 891 465 960 episcopus,
527 891 761 960 quinque
815 893 1028 944 tantum
1083 892 1297 960 scripsit
1353 892 1651 959 volumina,
1708 909 1843 960 quae

160 965 521 1034 praenotavit:
553 963 878 1034 Explanatio
913 983 1220 1018 sermonum
1245 965 1482 1019 Domini.
1550 965 1618 1017 In
1649 966 1843 1034 quibus

74 1055 127 1093 10
161 1057 280 1092 cum
329 1057 384 1091 se
429 1040 485 1091 in
535 1038 874 1108 praefatione
922 1042 1129 1092 asserat
1174 1057 1286 1092 non
1334 1039 1512 1092 varias
1563 1039 1846 1108 opiniones

161 1113 333 1182 sequi,
374 1113 467 1165 sed
507 1112 783 1181 apostolos
822 1113 1021 1165 habere
1061 1116 1327 1181 auctores,
1368 1114 1466 1169 ait:
1518 1112 1841 1166 ‘considera-

158 1187 284 1239 bam
331 1186 455 1255 quid
497 1186 763 1251 AndreaS,
811 1186 938 1256 quid
977 1185 1169 1239 Petrus
1218 1186 1500 1255 dixissent,
1553 1186 1681 1255 quid
1719 1186 1843 1239 Phi·

157 1261 359 1329 lippUS,
399 1260 525 1328 quid
564 1259 823 1328 Thomas,
862 1259 990 1329 quid
1027 1259 1207 1328 Iacob,
1247 1260 1374 1329 quid
1409 1259 1716 1313 Matthaeus
1755 1261 1841 1312 vel

159 1335 296 1386 alius
322 1334 547 1402 quilibet
579 1333 965 1402 discipulorum
989 1332 1224 1402 Domini,
1248 1334 1378 1404 quid
1403 1335 1566 1387 etiam
1590 1334 1843 1387 Aristion

75 1423 126 1461 15
160 1410 217 1460 et
254 1408 434 1461 senior
456 1407 725 1460 Iohannes
736 1448 750 1473 ,
781 1407 1031 1476 discipuli
1054 1407 1277 1461 Domini
1308 1409 1668 1477 loquerentur.
1722 1407 1850 1461 Non

159 1482 300 1534 enim
331 1484 547 1534 tantum
579 1481 713 1533 mihi
743 1481 869 1534 libri
894 1482 962 1534 ad
991 1481 1279 1552 legendum
1311 1485 1555 1551 prosunt,
1588 1484 1848 1551 quantum

158 1555 280 1608 viva
318 1573 422 1608 vox
460 1558 514 1608 et
552 1574 719 1624 usque
751 1554 911 1608 hodie
943 1555 1000 1621 in
1030 1555 1140 1609 suis
1174 1557 1483 1609 auctoribus
1515 1554 1846 1625 personans?

157 1628 243 1680 Ex
274 1648 379 1698 quo
413 1632 639 1698 apparet
670 1629 734 1681 de
765 1629 885 1698 ipso
919 1630 1168 1700 catalogo
1201 1630 1499 1698 nominum,
1531 1630 1695 1682 alium
1729 1647 1846 1682 esse

157 1702 456 1756 Iohannem
504 1703 594 1772 qui
641 1702 784 1755 inter
832 1704 1107 1772 apostolos
1153 1704 1396 1772 ponitur,
1453 1706 1507 1756 et
1546 1704 1720 1757 alium
1770 1721 1852 1756 se-

72 1792 127 1830 20
159 1777 365 1830 niorem
413 1776 733 1846 Iohannem,
784 1795 944 1846 quem
993 1781 1118 1846 post
1164 1777 1499 1830 Aristionem
1555 1781 1848 1831 enumerat.

159 1849 279 1904 Hoc
311 1854 490 1903 autem
514 1851 741 1904 dicimus
764 1853 989 1921 propter
1022 1851 1351 1922 superiorem
1385 1851 1704 1920 opinionem,
1745 1869 1850 1920 qua

161 1943 193 1977 a
230 1925 502 1994 plerisque
549 1924 857 1978 rettulimus
897 1925 1157 1978 traditum
1204 1925 1337 1978 duas
1377 1924 1703 1995 posteriores
1744 1925 1852 1993 epi—

161 1999 329 2051 stulas
362 1998 621 2052 Iohannis
661 2017 775 2052 non
815 1999 1049 2068 apostoli
1082 2017 1223 2070 esse,
1263 1999 1355 2052 sed
1386 1999 1702 2068 presbyteri.
1747 1998 1851 2051 Hic

161 2072 355 2124 dicitur
401 2091 661 2125 annorum
709 2073 855 2125 mille
903 2073 1168 2126 iudaicam
1218 2072 1446 2126 edidisse
1499 2071 1850 2143 δευτέρωσιν.

72 2160 127 2199 25
160 2145 332 2209 Quem
380 2147 550 2199 secuti
598 2149 726 2198 sunt
771 2146 1027 2200 Irenaeus
1085 2150 1138 2199 et
1188 2145 1521 2217 Apollinaris
1572 2149 1627 2199 et
1673 2146 1850 2214 ceteri,
1905 2177 1908 2180 ·

160 2220 253 2289 (1111
298 2222 424 2289 post
469 2220 914 2273 resurrectionem
968 2221 1119 2274 aiunt
1167 2222 1223 2274 in
1271 2236 1429 2274 carne
1477 2238 1597 2274 cum
1647 2220 1845 2274 sanctis

158 2293 454 2347 Dominum
492 2296 856 2363 regnaturum.

307 2366 671 2420 Tertullianus
721 2386 932 2438 quoque
979 2369 1037 2421 in
1073 2369 1211 2422 libro
1265 2368 1328 2421 de
1370 2366 1475 2438 Spe
1515 2367 1754 2420 fidelium
1794 2369 1848 2419 et

160 2441 473 2495 Victorinus
523 2440 922 2495 Pitabionensis
978 2445 1032 2495 et
1079 2442 1392 2496 Lactantius
1448 2441 1551 2494 hac
1597 2441 1849 2510 opinione

75 2531 131 2570 30
164 2515 444 2568 ducuntur.

276 2651 304 2690 4
335 2645 521 2691 Bamb.:
560 2645 610 2690 in
639 2646 754 2691 Asia
786 2645 1037 2691 conventui
1188 2652 1241 2691 13
1282 2646 1365 2691 alii
1395 2646 1594 2691 addunt:
1628 2646 1741 2701 quid
1774 2646 1843 2690 Io-

157 2705 334 2750 hannes
427 2709 480 2749 15
513 2703 643 2750 Van:
674 2705 1059 2762 loquerebantur3
1090 2706 1172 2750 aL:
1206 2706 1518 2762 loquebantur
1620 2710 1674 2749 18
1709 2704 1843 2749 Bern.

159 2766 206 2809 et
237 2763 470 2809 Norimb.:
503 2777 580 2820 ex3
611 2762 797 2809 Bamb.:
830 2764 880 2808 in
981 2769 1035 2809 21
1069 2764 1255 2810 Bamb.:
1289 2778 1429 2820 quam
1461 2777 1489 2808 a
1511 2763 1747 2821 plerisque
1777 2777 1847 2807 re—

158 2824 351 2867 tulimus
381 2823 605 2869 traditam
733 2828 790 2869 23
822 2836 912 2868 esse
943 2823 1074 2869 deest
1096 2823 1146 2868 in
1168 2823 1275 2868 Vat.
1396 2828 1452 2868 29
1479 2823 1641 2867 Bamb.
1675 2825 1724 2868 et
1750 2821 1849 2867 No-

159 2882 316 2927 rimb.:
349 2882 716 2928 Pictavionensis
836 2882 1067 2927 Norimb.:
1100 2883 1149 2927 in
1180 2883 1301 2928 hanc
1333 2882 1601 2940 opinionem
