1974 3192
143 1082 198 1122 10

144 1450 198 1489 15

142 1939 199 1978 20

141 2306 197 2348 25

890 169 1256 222 —26-

232 290 287 340 et
325 287 488 340 alium
526 286 723 338 librum
771 285 863 354 qui
902 283 1082 338 Clavis
1129 285 1454 353 inscribitur,
1493 284 1557 337 de
1598 283 1814 342 diabolo
1852 285 1915 338 li-

231 361 388 413 brum
425 378 605 428 unum,
644 358 709 411 de
748 358 1079 427 Apocalypsi
1108 356 1364 411 Iohannis
1403 359 1603 414 librum
1642 375 1823 427 unum,
1862 361 1916 410 et

230 431 354 502 περὶ
390 427 747 501 Ἐνσωμάτου
785 431 930 484 θεοῦ
967 431 1163 485 librum
1193 450 1385 501 unum,
1424 434 1479 485 et
1508 431 1814 502 eclogarum
1851 431 1918 487 li-

230 507 356 559 bros
398 525 504 560 sex.
579 504 754 558 Huius
795 506 1013 575 elegans
1060 507 1114 557 et
1150 505 1591 559 declamatorium
1634 505 1913 575 ingenium

230 579 595 633 Tertullianus
640 580 697 632 in
737 582 942 648 septem
981 579 1158 647 libris,
1213 597 1348 647 quos
1396 578 1610 648 scripsit
1656 578 1913 633 adversus

234 654 515 707 ecclesiam
553 671 651 722 pro
690 652 976 721 MontanO,
1023 653 1304 706 cavillatur
1350 651 1532 706 dicens
1574 670 1695 704 eum
1736 670 1768 705 a
1805 652 1915 721 ple-

235 728 416 796 risque
455 731 762 781 nostrorum
801 727 1122 796 prophetam
1161 726 1357 795 putari.

880 878 1014 952 Gap.
1068 878 1200 936 XX
1212 877 1273 936 V.

378 992 733 1062 Theophilus,
782 995 963 1046 sextus
1003 991 1374 1046 Antiochenae
1423 992 1674 1045 ecclesiae
1714 991 1918 1060 episco-

228 1086 346 1137 puS,
386 1067 484 1120 sub
515 1065 699 1120 Marco
738 1066 1016 1120 Antonino
1049 1066 1195 1120 Vero
1234 1067 1430 1119 librum
1470 1068 1658 1119 contra
1687 1064 1914 1120 Marcio-

229 1159 355 1195 nem
410 1141 736 1210 composuit,
791 1141 883 1210 qui
936 1158 1103 1210 usque
1158 1140 1317 1193 hodie
1374 1142 1563 1192 exstat.
1646 1138 1916 1192 Feruntur

230 1215 342 1268 eius
384 1217 437 1268 et
477 1215 542 1267 ad
582 1213 913 1283 Autolycum
958 1215 1066 1267 tria
1102 1214 1398 1282 volumina,
1446 1215 1500 1266 et
1539 1216 1727 1266 contra
1764 1212 1916 1265 here-

231 1289 331 1342 sim
369 1288 726 1357 Hermogenis
767 1287 907 1340 liber
944 1306 1111 1356 unus,
1158 1291 1212 1340 et
1259 1287 1352 1340 alii
1390 1288 1580 1341 breves
1621 1288 1916 1358 elegantes·

233 1381 334 1432 que
373 1364 639 1416 tractatus
688 1362 755 1414 ad
805 1361 1234 1415 aedificationem
1273 1362 1529 1415 ecclesiae
1566 1361 1916 1430 pertinentes,

233 1436 367 1506 Legi
407 1437 505 1489 sub
543 1436 757 1489 nomine
797 1436 910 1488 eius
948 1436 1007 1488 in
1045 1436 1386 1505 evangelium
1424 1439 1478 1488 et
1507 1434 1792 1504 proverbia
1824 1432 1916 1487 Sa-

230 1511 463 1564 lomonis
503 1510 939 1579 commentarios,
986 1511 1078 1580 qui
1118 1509 1252 1562 mihi
1290 1528 1411 1563 cum
1452 1508 1787 1578 superiorum
1825 1526 1916 1561 vo-

227 1585 495 1645 luminum
535 1584 803 1654 elegantia
842 1586 896 1638 et
934 1580 1135 1653 φράσει
1174 1602 1286 1636 non
1322 1583 1573 1636 videntur
1607 1597 1919 1651 congruere.

799 1689 807 1694 ἱ
858 1735 994 1810 Cap.
1047 1734 1290 1795 XXVI.

377 1849 732 1919 Apollinaris,
773 1848 938 1904 Asiae
978 1850 1419 1919 Hierapolitanus
1459 1849 1766 1918 episcopus»,
1814 1849 1913 1902 sub

230 1923 414 1977 Marco
438 1923 717 1978 Antonino
743 1923 889 1977 Vero
921 1925 1244 1994 imperatore
1274 1923 1470 1993 floruit,
1503 1924 1588 1976 cui
1619 1926 1673 1975 et
1705 1922 1918 1992 insigne

232 1998 481 2051 volumen
520 2015 620 2066 pro
666 1999 766 2066 fide
803 1996 1237 2052 Christianorum
1285 1997 1444 2050 dedit.
1519 1997 1754 2050 Exstant
1800 1997 1914 2049 eius

230 2075 285 2124 et
333 2072 423 2125 alii
472 2073 705 2142 quinque
754 2071 1008 2126 adversus
1059 2074 1245 2142 gentes
1291 2071 1441 2140 libri,
1489 2074 1543 2123 et
1580 2071 1644 2124 de
1683 2070 1911 2124 veritate

232 2145 361 2215 duo,
411 2148 465 2198 et
526 2146 808 2199 adversum
871 2145 1250 2216 Cataphrygas
1304 2148 1434 2198 tunc
1495 2144 1731 2214 primum
1793 2162 1914 2198 cum

230 2219 414 2272 Prisca
453 2222 507 2272 et
544 2220 866 2290 Maximilla,
910 2221 1116 2273 insanis
1156 2219 1388 2288 vatibus,
1427 2218 1716 2287 incipiente
1757 2216 1910 2272 Mon-

228 2296 373 2347 tan0.

842 2400 978 2475 cap.
1031 2400 1314 2459 XXVII.

379 2515 685 2584 DionysiuS,
725 2513 1129 2569 Corinthiorum
1168 2516 1420 2568 ecclesiae
1460 2515 1758 2583 episcopuS,
1795 2516 1914 2567 tan-

230 2592 319 2642 tae
359 2589 698 2659 eloquentiae
738 2592 792 2642 et
830 2589 1126 2642 industriae
1163 2588 1295 2659 fuit,
1333 2592 1395 2642 ut
1429 2606 1543 2642 non
1573 2588 1746 2642 solum
1786 2605 1916 2640 suae

230 2719 395 2759 unum,
451 2704 508 2748 de
560 2703 859 2761 generatione
913 2704 1083 2749 Christi
1128 2704 1300 2750 librum
1348 2719 1514 2758 unum,
1561 2704 1619 2748 de
1661 2703 1910 2760 prophetia

231 2764 411 2819 (Bamb.
445 2766 492 2808 et
514 2763 742 2819 Norimb.)
767 2763 937 2808 librum
959 2779 1103 2808 unum
1216 2770 1242 2808 3
1275 2764 1403 2809 Vat.:
1437 2779 1518 2807 και
1541 2779 1647 2807 ταιν
1679 2777 1908 2818 περενσω-

231 2838 458 2879 ματουεν;
505 2822 736 2868 Norimb.:
770 2839 851 2866 και
882 2839 964 2866 τον
994 2838 1102 2880 περι
1135 2838 1406 2881 ενσωματου
1439 2823 1525 2869 etc.
1694 2825 1747 2865 12
1780 2820 1914 2867 Vat.:

230 2883 441 2926 heresem
562 2887 616 2926 23
650 2881 778 2927 Vat.:
812 2881 1061 2939 catafrigas
