1974 3192
754 167 1114 221 ,25-

89 286 276 340 Prisco
317 285 575 355 Bacchio,
613 303 711 355 pro
751 286 1013 356 religione
1054 282 1257 338 Christi
1297 286 1587 354 plurimum
1625 286 1774 339 labo-

89 360 253 430 ravit,
290 359 350 412 in
387 361 604 413 tantum
641 361 703 412 ut
726 359 1006 412 Antonino
1047 377 1256 429 quoque
1279 359 1377 412 Pio
1416 362 1471 412 et
1500 359 1628 412 filiis
1661 360 1774 413 eius

91 436 146 487 et
185 433 395 486 senatui
433 433 632 486 librum
679 435 869 486 contra
907 436 1097 503 gentes
1137 433 1395 502 scriptum
1435 434 1588 486 daret
1624 434 1774 503 igno-

91 507 426 577 miniamque
474 507 646 560 crucis
693 524 806 560 non
845 507 1200 576 erubesceret,
1254 510 1309 559 et
1365 506 1531 560 alium
1574 508 1775 561 librum

84 580 491 634 *successoribus
516 580 754 633 eiusdem
777 578 1068 633 Antoninis
1075 622 1090 649 ,
1112 579 1298 633 Marco
1324 580 1605 634 Antonino
1629 580 1774 634 Vero
1806 598 1833 638 5

90 657 144 707 et
180 653 346 708 Lucio
379 653 605 707 Aurelio
639 652 952 707 Commodo,
1013 652 1214 706 Exstat
1252 653 1364 706 eius
1406 657 1459 707 et
1498 654 1644 707 aliud
1682 674 1774 708 vo-

93 728 277 781 lumen
326 730 514 781 contra
560 730 770 797 genteS,
816 727 912 779 ubi
959 726 1022 779 de
1070 727 1391 780 daemonum
1432 746 1641 798 quoque
1682 747 1773 781 na-

87 805 211 854 tura
249 802 514 870 disputat,
562 804 616 853 et
655 803 907 870 quartum
946 799 1228 853 adversum
1268 803 1479 870 gentes,
1527 803 1612 854 cui
1650 803 1775 854 titu-

85 875 199 928 lum
238 875 581 944 praenotavit
619 875 862 943 ἔλεγχος,
910 874 1003 927 sed
1052 876 1107 926 et
1155 874 1301 926 aliud
1349 874 1413 926 de
1460 875 1776 928 monarchia

87 949 213 1019 Dei,
252 951 307 1001 et
345 948 483 1001 alius
521 948 658 1000 liber
696 966 854 1017 quem
892 948 1233 1017 praenotavit
1271 944 1502 1016 ψάλτην,
1544 951 1598 1000 et
1636 949 1772 1002 alius
1808 970 1864 1008 10

85 1023 151 1076 de
202 1023 406 1091 anima,
453 1024 507 1075 et
554 1021 802 1091 dialogus
851 1023 1042 1075 contra
1079 1020 1307 1075 Iudaeos
1317 1064 1332 1090 ,
1379 1040 1536 1090 quem
1580 1022 1774 1075 habuit

87 1096 368 1162 adversum
420 1095 792 1165 Tryphonem,
845 1096 1144 1179 principem
1181 1095 1525 1164 Iudaeorum,
1581 1095 1673 1148 sed
1721 1099 1775 1148 et

86 1173 274 1223 contra
307 1168 636 1223 Marcionem
667 1170 906 1239 insignia
935 1169 1228 1238 volumina,
1260 1187 1488 1239 quorum
1520 1168 1770 1222 Irenaeus

89 1261 301 1315 quoque
340 1244 399 1296 in
438 1246 631 1313 quarto
673 1243 927 1296 adversus
966 1243 1183 1296 hereses
1230 1243 1372 1296 libro
1412 1243 1680 1312 meminit3
1720 1245 1774 1296 et

88 1317 225 1371 alius
263 1317 400 1370 liber
439 1320 630 1372 contra
666 1335 853 1370 omnes
890 1317 1133 1386 hereses,
1181 1317 1331 1370 cuius
1369 1316 1505 1370 facit
1543 1317 1769 1370 mentio·
1806 1338 1861 1378 15

85 1410 212 1444 nem
247 1391 308 1444 in
344 1391 723 1461 Apologetic0,
770 1409 928 1460 quem
971 1391 1119 1444 dedit
1156 1390 1435 1444 Antonino
1474 1390 1589 1443 Pio.
1665 1389 1771 1443 Hic

87 1483 209 1518 cum
257 1465 316 1517 in
355 1465 486 1518 urbe
525 1465 701 1518 Roma
745 1465 970 1518 haberet
1008 1461 1295 1535 διατριβάς
1333 1467 1387 1517 et
1427 1463 1773 1518 Crescentem

87 1539 359 1612 cynicum,
398 1539 488 1608 qui
527 1539 699 1592 multa
739 1539 1023 1592 adversum
1056 1537 1392 1592 Christianos
1433 1538 1772 1606 blasphema-

85 1613 208 1682 bat,
245 1613 591 1683 redargueret
630 1613 879 1682 gulosum
919 1616 974 1666 et
1005 1614 1194 1665 mortis
1227 1612 1477 1665 timidum
1508 1612 1773 1664 luxuriae*

87 1705 191 1756 que
228 1705 289 1739 ac
320 1687 606 1740 libidinum
640 1689 984 1755 sectatorem,
1017 1686 1084 1738 ad
1117 1690 1414 1739 extremum
1449 1686 1626 1738 studio
1661 1686 1773 1738 eius
1808 1707 1866 1748 20

88 1763 142 1813 et
172 1761 380 1814 insidiis
407 1763 690 1814 accusatus
724 1760 867 1830 quod
894 1759 1236 1814 Christianus
1264 1763 1407 1813 esset
1431 1778 1529 1829 pro
1557 1757 1774 1812 Christo

96 1835 416 1905 sanguinem
453 1834 607 1887 fudit.

719 1941 855 2016 Cap.
908 1940 1152 1999 XXIV.

238 2055 458 2108 Melitus
490 2055 745 2123 AsianUS,
785 2054 1068 2108 Sardensis
1110 2055 1409 2124 episcopus,
1446 2055 1644 2108 librum
1682 2055 1777 2107 im-

90 2131 329 2199 peratori
367 2129 550 2183 Marco
590 2130 871 2183 Antonino
911 2129 1080 2193 Ver0,
1127 2128 1220 2199 qui
1258 2127 1548 2182 Frontonis
1599 2132 1775 2182 orato·
1809 2148 1866 2188 25

87 2204 163 2257 ris
226 2204 516 2272 discipulus
577 2203 705 2272 fuit,
766 2222 865 2273 pro
926 2201 1232 2257 Christiano
1298 2203 1551 2272 dogmate
1616 2203 1776 2256 dedit.

90 2276 318 2347 Scripsit
357 2295 567 2347 quoque
607 2281 662 2329 et
701 2278 832 2345 alia,
865 2277 930 2330 de
963 2277 1157 2346 quibus
1189 2277 1294 2329 ista
1327 2280 1454 2330 sunt
1486 2295 1620 2346 quae
1653 2277 1776 2330 sub-

86 2351 332 2405 iecimus:
382 2351 445 2403 de
490 2351 692 2419 pascha
737 2351 905 2404 libros
953 2351 1080 2415 duo,
1128 2351 1192 2403 de
1240 2351 1351 2403 vita
1388 2351 1775 2419 prophetarum

87 2425 284 2478 librum
324 2443 513 2493 unum,
560 2424 623 2477 de
663 2425 747 2477 die
787 2424 1056 2477 dominica
1093 2424 1291 2477 librum
1330 2443 1518 2493 unum,
1569 2425 1632 2478 de
1671 2425 1774 2476 fide

88 2499 285 2551 librum
323 2517 511 2568 unum,
559 2498 623 2551 de
660 2499 802 2567 plasi
840 2499 1036 2551 librum
1076 2517 1267 2566 unum,
1318 2498 1383 2550 de
1424 2499 1669 2551 sensibus
1709 2499 1773 2550 li-
1807 2519 1864 2557 30

87 2573 246 2625 brum
292 2591 483 2640 unum,
539 2572 603 2625 de
657 2573 835 2625 anima
881 2575 935 2624 et
980 2590 1202 2640 corpore
1242 2572 1439 2624 librum
1480 2591 1671 2637 unum,
1710 2572 1773 2624 de

90 2646 417 2715 baptismate
455 2646 653 2699 librum
691 2664 879 2715 unum,
928 2646 991 2698 de
1031 2644 1318 2714 φιλοξενία
1364 2645 1560 2698 librum
1598 2664 1778 2714 unum,

213 2761 266 2806 14
299 2762 381 2806 aL:
412 2763 462 2806 in
494 2761 680 2818 quinto;
715 2761 773 2806 cf.
806 2761 985 2818 Migne‚
1018 2766 1058 2806 3.
1092 2761 1251 2805 adnot.
1391 2766 1446 2805 27
1480 2761 1561 2807 aL:
1595 2761 1710 2805 duos

93 2824 150 2864 29
182 2820 271 2865 hoc
302 2821 406 2866 loco
438 2821 522 2866 alii
553 2821 748 2866 addunt:
789 2819 846 2864 de
878 2820 1076 2864 ecclesia
1105 2821 1276 2865 librum
1307 2835 1453 2864 unum
1602 2825 1659 2864 30
1691 2820 1776 2865 aL:

93 2878 151 2923 de
181 2879 412 2936 plasmate
596 2885 651 2924 32
684 2879 774 2924 hoc
806 2879 909 2924 loco
943 2879 1025 2923 alii
1055 2879 1254 2925 addunt:
1287 2880 1344 2925 de
1377 2879 1576 2924 veritate
1605 2878 1778 2939 librum
