1974 3192
77 1110 131 1151 10

82 1538 136 1578 15

78 2145 134 2184 20

826 199 1192 251 —34-

163 316 309 369 tione
340 315 563 368 Domini
601 315 679 367 ita
711 314 941 384 scripsit,
978 317 1040 367 ut
1073 313 1416 366 manentibus
1447 314 1506 367 in
1544 333 1606 369 eo
1647 315 1852 368 duabus

163 390 372 442 naturis
411 407 518 441 una
557 389 806 441 credatur
843 388 969 441 Filii
1006 387 1109 441 Dei
1146 404 1390 455 persona.

778 521 914 613 Cap.
968 538 1249 596 XXVII.

314 653 543 706 Ursinus
569 653 863 706 monachus
897 653 1112 722 scripsit
1143 653 1398 706 adversus
1423 672 1528 722 eos,
1559 653 1650 722 qui
1672 653 1858 722 rebap-

163 726 407 780 tizandos
454 727 717 780 hereticos
771 727 1089 795 decernunt,
1149 727 1344 780 docens
1405 745 1504 780 nec
1557 727 1858 797 legitimum

165 819 279 854 esse
317 818 416 853 nec
451 799 567 854 Deo
606 801 845 871 dignum,
883 801 1212 869 rebaptizari
1249 801 1371 853 illos
1412 801 1504 869 qui
1544 800 1602 852 in
1639 801 1858 854 nomine

165 874 479 943 simpliciter
529 873 731 928 Christi
783 875 869 927 vel
921 875 979 926 in
1031 875 1246 928 nomine
1291 874 1470 927 Patris
1526 877 1580 926 et
1624 874 1751 927 Filii
1805 877 1860 927 et

166 947 398 1016 Spiritus
439 948 632 1015 sancti,
673 948 917 1018 quamvis
957 967 1122 1017 pravo
1163 966 1325 1002 sensu
1363 948 1726 1017 baptizentur,
1768 948 1859 1002 sed

164 1025 290 1091 post
329 1024 546 1075 sanctae
578 1022 862 1075 Trinitatis
905 1025 958 1074 et
990 1021 1192 1076 Christi
1233 1022 1530 1091 simplicem
1571 1022 1859 1075 confessio-

164 1113 288 1148 nem
329 1095 572 1149 sufficere
619 1096 686 1148 ad
725 1096 954 1149 salutem
992 1114 1183 1149 manus
1229 1096 1632 1164 impositionem
1679 1096 1860 1149 catho-

165 1170 256 1222 lici
295 1170 602 1223 sacerdotis,

762 1261 897 1336 Cap.
952 1261 1084 1319 XX
1096 1260 1272 1319 VIII.

313 1374 581 1428 Macarius
630 1375 767 1427 alter
814 1374 1113 1428 monachus
1161 1375 1375 1444 scripsit
1419 1377 1476 1428 in
1515 1375 1646 1429 urbe
1685 1375 1859 1429 Roma

169 1448 442 1502 ‘adversus
491 1448 922 1501 mathematicos'
961 1449 1149 1518 libros,
1196 1449 1254 1501 in
1304 1468 1408 1519 quo
1455 1449 1640 1503 labore
1688 1450 1860 1503 orien-

171 1523 359 1576 talium
400 1523 667 1592 quaesivit
706 1522 902 1576 solatia
942 1523 1339 1591 scripturarum.

800 1672 934 1748 Cap.
988 1673 1237 1731 XXIX.

312 1787 655 1858 Heliodorus,
679 1786 1052 1841 Antiochenus
1088 1789 1384 1857 presbyter,
1409 1788 1578 1841 edidit
1602 1789 1666 1841 de
1698 1790 1862 1860 virgi-

164 1863 334 1915 nitate
359 1863 635 1933 egregium
661 1865 714 1916 et
731 1862 933 1915 sanctis
952 1862 1232 1930 scripturis
1256 1863 1579 1916 instructum
1596 1863 1863 1916 volumen.

823 2013 959 2087 Gap.
1014 2013 1224 2070 XXX.

314 2127 610 2196 IohanneS‚
659 2127 1294 2196 Constantinopolitanus
1344 2128 1650 2198 episcopuS‚
1698 2127 1863 2180 admi·
1901 2188 1905 2191 ⁷

164 2202 366 2255 randae
422 2202 678 2254 scientiae
732 2202 815 2254 vir
867 2206 920 2253 et
966 2201 1045 2253 ita
1099 2219 1162 2253 ac
1216 2202 1500 2254 sanctitate
1551 2201 1863 2255 hominibus

164 2275 475 2344 imitandus,
516 2275 731 2344 scripsit
770 2275 941 2327 multa
980 2278 1034 2327 et
1072 2274 1227 2327 valde
1274 2275 1575 2328 necessaria
1614 2275 1864 2328 omnibus

166 2349 233 2401 ad
281 2349 462 2402 divina
499 2349 914 2417 properantibus
953 2349 1213 2416 praemia3
1270 2366 1297 2400 e
1337 2349 1529 2418 quibus
1580 2351 1706 2402 sunt
1743 2349 1863 2402 illa:

169 2423 252 2474 ede
293 2424 703 2492 compunctione
743 2419 971 2475 animae'
1014 2423 1152 2475 liber
1191 2441 1357 2491 unm,
1397 2421 1685 2475 eneminem
1722 2422 1866 2476 laedi

82 2540 103 2552 .
167 2497 273 2549 nisi
321 2516 352 2549 a
400 2499 570 2550 semet
617 2496 780 2566 ipso',
826 2495 903 2548 ‘in
948 2496 1162 2575 laudem
1214 2496 1361 2549 beati
1406 2496 1561 2549 Pauli
1610 2496 1862 2566 apostoli'

292 2619 313 2656 1
349 2613 509 2659 Bamb.
549 2613 597 2656 et
626 2612 858 2656 Norimb.:
907 2612 962 2656 de
1001 2611 1322 2656 incarnatione
1353 2625 1462 2657 vero
1502 2611 1593 2667 ita3
1625 2611 1785 2655 Bamb.
1819 2613 1867 2656 et

168 2672 399 2716 Norimb.:
434 2686 489 2715 ea
635 2677 687 2715 13
720 2670 881 2716 Bamb.
918 2673 966 2715 et
996 2671 1228 2715 Norimb.:
1263 2671 1381 2715 alius
1535 2675 1591 2714 14
1622 2670 1782 2716 Bamb.
1818 2674 1866 2715 et

168 2731 400 2776 Norimb.:
426 2730 596 2775 librum
713 2735 766 2774 17
795 2730 958 2775 Bamb.
985 2731 1032 2774 et
1056 2729 1288 2775 Norimb.:
1314 2730 1368 2773 Η.
1396 2730 1516 2774 alius
1630 2729 1863 2774 Norimb.:

169 2790 446 2834 Antiochiae
607 2795 663 2834 20
694 2788 843 2833 Huius
883 2789 1103 2833 Iohannis
1142 2788 1301 2834 Bamb.
1345 2791 1392 2833 et
1431 2789 1475 2833 N
1478 2788 1639 2833 orimb.
1693 2788 1865 2844 aliique

170 2848 454 2893 mentionem
493 2863 584 2903 non
622 2848 811 2893 faciunt.
863 2846 1029 2893 Confer
1063 2850 1205 2916 caput
1235 2847 1356 2902 XXI,
1396 2848 1446 2891 in
1485 2859 1578 2903 quo
1610 2847 1737 2892 haud
1768 2847 1863 2891 scio

171 2923 231 2952 an
261 2908 387 2952 idem
420 2909 648 2953 Iohannes
673 2908 968 2953 memoretur.
