1974 3192
250 1109 354 1163 Hic
393 1111 608 1164 libellus
646 1114 708 1163 ut
747 1110 992 1164 ederetur
1029 1111 1141 1164 iam
1178 1111 1236 1164 in
1275 1129 1336 1164 eo
1375 1110 1502 1180 fuit,
1548 1129 1669 1165 cum
1708 1114 1796 1166 lit—

98 1183 230 1237 teris
267 1184 402 1237 mihi
442 1186 620 1238 allatis
668 1185 888 1238 edoctus
938 1203 1057 1238 sum
1111 1186 1255 1238 inter
1303 1202 1392 1238 eos
1440 1185 1649 1240 codices
1695 1186 1795 1241 La-

97 1257 243 1310 tinos
282 1277 447 1311 manu
487 1260 741 1328 scriptOS,
789 1259 883 1328 qui
920 1260 978 1312 in
1014 1276 1214 1329 magno
1253 1258 1426 1311 indice
1475 1258 1794 1315 Parisiensis

96 1331 457 1386 bibliothecae
503 1333 752 1402 publicae
800 1352 939 1386 anno
993 1334 1136 1386 1744
1182 1333 1352 1402 typis
1375 1351 1629 1402 expresso
1684 1354 1794 1388 non

98 1405 405 1475 legerentur
458 1408 690 1475 recensi,
745 1407 1172 1461 vetustissimum
1234 1407 1471 1460 codicem
1527 1409 1793 1477 quendam

99 1481 1112 1626 ἵξέἓᾞῆῗῖἐὲῑίἶθέῗω5ῗὲᾎο(1Γὲ
1149 1481 1792 1609 ἐῖᾶὲἶὲἃῗῇἒῐὲἶίἶῗώ

324 1629 487 1683 Mscr.
526 1630 646 1684 Lat.
690 1631 867 1683 12161
910 1629 1120 1682 Traites
1161 1629 1226 1682 de
1266 1627 1342 1682 St.
1380 1626 1599 1683 Jercme
1637 1634 1692 1683 et
1730 1631 1793 1684 de

320 1702 630 1757 Gennadius
671 1723 761 1757 sur
791 1705 869 1757 les
908 1703 1153 1757 hommes
1183 1704 1438 1756 illustres.
1492 1703 1794 1758 Manuscrit

319 1778 668 1847 palimpseste
685 1778 756 1830 du
769 1777 879 1831 VH
893 1778 1069 1831 siecle.
1097 1777 1199 1844 [De
1212 1776 1461 1846 l'abbaye
1476 1777 1539 1830 de
1558 1777 1791 1846 Corbie]

98 1851 260 1906 Haud
291 1855 574 1905 cunctatus
613 1852 761 1905 illico
800 1871 896 1921 per
934 1852 1147 1904 litteras
1189 1870 1253 1905 ex
1291 1851 1594 1920 bibliopola
1633 1871 1791 1922 quae-

98 1927 223 1995 sivi,
287 1944 418 1979 num
471 1927 610 1979 libro
664 1926 886 1979 iamiam
939 1926 1086 1995 typis
1142 1943 1394 1995 expresso
1451 1926 1791 1980 collationem

93 2001 253 2054 huius
308 1999 507 2054 codicis
553 2000 854 2053 faciendam
908 1999 1218 2069 appendicis
1273 2000 1393 2053 loco
1445 2000 1790 2054 adiuncturus

98 2078 263 2144 esset,
302 2075 358 2127 id
397 2075 540 2144 quod
579 2075 672 2127 ille
710 2074 932 2127 minime
973 2075 1305 2128 detrectavit.

239 2149 369 2202 Illae
422 2151 602 2201 autem
653 2149 892 2215 litterae,
947 2149 1142 2218 quibus
1199 2149 1263 2200 de
1314 2148 1496 2202 codice
1546 2146 1639 2198 illo
1690 2145 1788 2198 Pa-

91 2223 307 2276 risiensi
357 2223 551 2276 certior
604 2241 725 2276 sum
773 2223 975 2291 factUS,
1034 2223 1101 2275 ab
1153 2222 1443 2276 ALFREDO
1498 2219 1789 2289 SCHOENE,

91 2297 394 2366 professore
429 2296 762 2366 doctissim0‚
803 2296 870 2349 ad
893 2314 979 2349 me
1009 2296 1166 2349 datae
1199 2299 1376 2366 erant,
1415 2295 1508 2364 qui
1530 2294 1634 2347 hoc
1657 2297 1788 2346 tem-

91 2390 220 2440 pore
273 2371 522 2424 Lutetiae
572 2371 908 2424 Parisiorum
972 2388 1313 2424 commorans
1370 2368 1615 2440 quamvis
1673 2367 1790 2436 ipse

90 2445 396 2498 litterarum
435 2445 878 2513 occupationibus
920 2444 1185 2497 distentus
1231 2444 1407 2514 magis
1456 2461 1554 2496 sua
1593 2445 1786 2510 sponte

90 2537 253 2587 quam
297 2537 417 2574 meo
464 2522 684 2588 rogatu,
738 2519 937 2588 quippe
993 2519 1085 2588 qui
1130 2518 1276 2573 haud
1324 2535 1485 2572 ausus
1537 2517 1638 2570 sim
1676 2516 1789 2568 tale

90 2593 386 2663 quidquam
426 2594 493 2646 ab
534 2611 594 2646 eo
635 2595 839 2662 petere,
887 2593 1235 2646 collationem
1283 2592 1482 2646 codicis
1535 2590 1680 2643 illius
1721 2589 1788 2641 ad

91 2667 380 2736 legendum
435 2667 861 2736 perdifficillimi,
930 2667 1023 2737 qui
1082 2667 1296 2736 quidem
1352 2664 1671 2734 Hieronymi
1724 2663 1786 2715 li-

90 2741 295 2794 bellum
334 2741 632 2811 contineat,
670 2740 960 2794 ineundam
1000 2741 1237 2810 suscepit
1276 2745 1331 2794 et
1367 2739 1594 2809 peregit.

239 2813 402 2868 Cuius
460 2816 563 2868 viri
626 2815 925 2869 doctissimi
986 2815 1390 2883 benevolentiaj
1458 2831 1622 2882 quam
1674 2829 1787 2864 non

91 2889 252 2957 pauci
298 2889 567 2942 auditores
617 2890 730 2942 eius
777 2907 879 2942 usu
923 2888 1129 2942 habent
1166 2890 1468 2959 cognitam,
1517 2904 1638 2939 cum
1676 2885 1786 2937 iam

177 2983 415 3027 Herding,
441 2984 710 3025 Hieronymus.
1401 2988 1429 3018 a
