1974 3192
880 216 942 223 ...
1024 186 1096 238 50
1173 215 1242 223 ..-

823 320 958 394 Gap.
1005 319 1315 377 LXXIX.

368 435 644 488 Arnobius
701 434 798 486 sub
837 432 1174 486 Diocletiano
1229 433 1470 502 principe
1522 433 1704 487 Siccae
1760 434 1905 502 apud

217 509 457 561 Africam
490 507 868 561 florentissime
900 507 1225 560 rhetoricam
1257 507 1438 559 docuit
1469 508 1786 576 scripsitque
1813 507 1903 560 ad-

217 600 403 635 versus
444 585 633 651 gentes
672 581 973 649 volumina,
1013 598 1147 649 quae
1190 581 1350 650 vulgo
1391 583 1617 634 exstant.

157 758 184 797 5
837 746 972 820 Cap.
1020 744 1292 803 LXXX.

367 859 690 930 Firmianus,
730 860 823 929 qui
863 863 918 913 et
957 860 1286 925 LactantiuS,
1324 858 1554 912 Arnobii
1594 858 1905 929 discipulus,

216 936 317 989 sub
351 934 692 987 Diocletiano
732 934 973 1003 principe
1007 934 1207 986 accit-us
1249 951 1368 985 cum
1407 931 1594 986 Flavio
1635 950 1904 1002 gramma-

215 1010 352 1077 tico,
392 1009 540 1060 cuius
582 1007 665 1060 ‘de
709 1006 1134 1060 medicinalibus'
1175 1024 1331 1059 versu
1364 1007 1651 1075 compositi
1690 1009 1906 1059 exstant

215 1083 356 1151 libri,
403 1081 746 1134 Nicomediae
794 1082 1118 1134 rhetoricam
1158 1080 1340 1133 docuit
1380 1098 1441 1132 ac
1479 1080 1705 1149 penuria
1745 1080 1902 1133 disci-

127 1170 184 1210 10
215 1157 467 1224 pulorum
514 1156 582 1207 ob
630 1172 877 1224 graecam
923 1155 1171 1206 videlicet
1219 1154 1492 1206 civitatem
1549 1155 1616 1206 ad
1667 1154 1902 1206 scriben-

215 1230 344 1282 dum
400 1247 456 1281 se
511 1229 754 1281 contulit.
847 1228 1123 1280 Habemus
1180 1227 1291 1279 eius
1348 1228 1708 1296 symposium,
1760 1227 1904 1296 quod

215 1303 648 1355 adulescentulus
688 1302 904 1370 scripsit
941 1301 1173 1369 Africae,
1216 1303 1270 1353 et
1310 1296 1674 1370 ὁδοιπορικόν
1713 1300 1901 1354 Africa

213 1395 382 1445 usque
420 1374 793 1428 Nicomediam
838 1375 1165 1427 hexametris
1218 1374 1477 1443 scriptum
1525 1375 1793 1442 versibUS,
1851 1377 1907 1426 et

216 1451 378 1502 alium
418 1449 639 1516 librum,
687 1450 778 1518 qui
823 1449 1135 1501 inscribitur
1175 1447 1635 1517 ‘grammaticus',
1683 1451 1738 1500 et
1784 1448 1901 1516 pul-

130 1537 182 1576 15
217 1524 538 1576 cherrimum
579 1522 669 1575 ‘de
708 1524 790 1574 ira
828 1521 973 1590 Dei',
1021 1525 1074 1574 et
1123 1521 1555 1574 einstitutionum
1603 1522 1903 1574 divinarum

216 1598 497 1650 adversum
537 1595 746 1666 gentes'
786 1596 955 1649 libros
996 1599 1224 1664 septem,
1265 1598 1320 1648 et
1358 1592 1624 1664 ἐπιτομήν
1663 1595 1902 1648 eiusdem

217 1671 392 1739 operis
404 1712 417 1739 ,
456 1670 653 1722 librum
691 1688 858 1722 unum
900 1670 1236 1738 acephalum,
1288 1671 1340 1721 et
1380 1668 1465 1722 ead
1505 1667 1902 1737 Asclepiadem'

215 1745 384 1797 libros
425 1744 581 1812 duOS,
622 1743 705 1796 ede
743 1742 1136 1812 persecutione'
1175 1743 1373 1795 librum
1412 1761 1608 1810 unum,
1650 1742 1736 1795 tad
1775 1741 1903 1794 Pro-

215 1817 364 1870 bum'
406 1817 758 1885 epistularum
798 1817 964 1870 libros
998 1820 1264 1886 quattuor,
1305 1817 1372 1868 ad
1405 1817 1630 1868 eundem
1672 1815 1754 1868 ede
1790 1816 1902 1884 opi-

110 1905 183 1945 .20
215 1893 335 1944 ficio
376 1891 478 1944 Dei
516 1892 602 1943 vel
640 1891 963 1943 formatione
1001 1889 1258 1943 hominis'
1298 1891 1496 1942 librum
1536 1908 1716 1942 unum.
1795 1888 1900 1940 Hic

214 1968 451 2017 extrema
469 1969 742 2017 senectute
767 1965 1028 2034 magister
1048 1963 1291 2017 Caesaris
1311 1962 1501 2031 Crispi,
1519 1963 1617 2014 filii
1634 1961 1902 2015 Constan-

212 2040 330 2107 tini,
370 2039 426 2090 in
459 2037 640 2090 Gallia
677 2038 796 2106 fuit,
837 2039 928 2107 qui
965 2041 1153 2106 postea
1193 2056 1223 2090 a
1255 2040 1408 2105 patre
1447 2036 1761 2089 interfectus
1805 2038 1899 2088 est.

814 2188 948 2262 Gap.
997 2187 1307 2246 LXXXI.
1343 2246 1351 2249 ⁷

363 2301 658 2371 EusebiuS,
721 2300 1012 2354 Caesareae
1074 2301 1414 2355 Palaestinae
1475 2300 1783 2369 episcopm,
1843 2300 1900 2352 in

127 2389 183 2430 25
219 2377 497 2445 scripturis
523 2375 719 2428 divinis
753 2375 1177 2428 studiosissimus
1210 2377 1264 2428 et
1293 2374 1654 2428 bibliothecae
1687 2373 1901 2426 divinae

215 2469 334 2503 cum
375 2449 676 2519 Pamphylo
725 2452 960 2518 martyre
1001 2449 1448 2519 diligentissimus
1487 2447 1903 2517 pervestigator,

333 2599 357 2639 7
391 2595 576 2639 Bamb.:
608 2594 775 2648 Flav03
809 2593 937 2640 Vat.:
970 2595 1115 2639 Favio
1194 2599 1248 2638 10
1280 2594 1464 2638 Bamb.:
1489 2594 1548 2637 ad
1628 2597 1682 2636 12
1715 2592 1902 2636 Bamb.:

209 2654 260 2700 in
293 2653 467 2698 scholis
507 2652 692 2710 scripsit
721 2653 907 2697 Africae
1014 2653 1146 2698 Vat.:
1189 2653 1508 2709 odoiporicum
1623 2650 1809 2696 Bamb.:
1842 2651 1900 2694 de

210 2712 371 2757 Africa
493 2717 546 2756 17
578 2712 760 2757 Bamb.:
793 2712 842 2756 in
872 2712 991 2757 libro
1023 2714 1110 2758 etc.
1234 2717 1287 2756 19
1322 2712 1449 2756 Vat.:
1482 2711 1598 2754 duos
1734 2709 1896 2754 Bamb.

210 2773 300 2816 hoc
331 2773 435 2817 loco
467 2771 620 2816 addit:
666 2771 726 2815 ad
760 2771 980 2816 Severum
1020 2771 1327 2827 epistularum
1357 2770 1502 2814 libros
1535 2769 1676 2822 duos,
1717 2768 1778 2812 ad
1809 2768 1900 2812 De-

210 2830 453 2887 metrium,
486 2830 748 2875 auditorem
780 2845 927 2885 suum,
962 2830 1268 2886 epistularum
1299 2829 1442 2874 libros
1475 2828 1590 2872 duos
1621 2828 1670 2872 et
1698 2827 1758 2871 ad
1791 2840 1900 2871 eun-

210 2890 316 2934 dem
349 2925 359 2935 .
395 2925 403 2934 .
439 2925 449 2934 .
