1974 3192
852 171 1222 224 —94.-

193 293 298 357 tur,
345 289 646 373 composuit
690 288 934 340 infinitos
981 289 1246 340 tractatus
1296 287 1627 341 diversarum
1673 283 1882 342 ὑποθέ·

196 377 358 428 σεων,
407 363 464 415 111
514 362 708 432 quibus
756 362 867 414 iam
916 360 1105 413 subtili
1148 360 1396 429 nequitia
1440 362 1639 415 infudit
1689 364 1888 431 postea

194 436 439 505 proditae
496 435 792 504 impietatis
843 451 1071 503 venena,
1131 452 1268 503 quae
1329 435 1550 488 moralis
1607 435 1887 489 interdum
1948 459 1952 464 ·

195 509 506 563 occultabat
544 509 778 562 suadela.
853 507 1149 577 Postquam
1186 525 1312 560 vero
1353 508 1662 577 eloquentia
1699 513 1754 562 et
1791 507 1881 560 ab·
1954 562 1956 571 ,

136 596 161 636 5
196 583 453 636 stinentia
491 582 899 635 commendante
940 579 1577 649 Constantinopolitanae
1625 582 1880 636 ecclesiae
1947 627 1955 658 ,¹

192 657 513 725 pontificatu
552 658 635 708 est
673 655 919 722 donatus,
959 657 1203 724 apertum
1243 673 1298 707 se
1337 655 1565 723 hostem,
1606 675 1763 726 quem
1791 654 1881 707 diu

194 730 423 797 celabat,
471 729 761 783 ostendens
811 729 1029 798 scripsit
1072 728 1270 781 librum
1319 727 1493 797 ‘quasi
1534 729 1599 782 de
1637 731 1883 783 incarna-
1949 737 1955 739 “

192 804 342 856 tione
381 801 622 856 Domini'
664 803 945 872 sexaginta
992 805 1046 855 et
1084 802 1291 855 duobus
1331 802 1544 855 divinae
1585 805 1880 873 scripturae
1958 844 1960 846 v

192 877 515 930 testimoniis
553 895 719 946 pravo
762 895 921 930 sensu
961 878 1348 945 constructum,
1388 876 1448 928 in
1487 894 1591 944 quo
1631 878 1758 947 quid
1798 894 1883 929 as-

109 967 163 1006 10
197 951 541 1021 severaverit‚
579 951 637 1004 in
677 952 927 1020 catalogo
965 950 1322 1003 hereticorum
1363 951 1768 1004 monstrabitur.

882 1101 1017 1176 Cap.
1065 1100 1122 1157 L
1136 1099 1199 1159 V.

342 1214 689 1285 CaelestinuS,
727 1215 876 1268 urbis
908 1215 1113 1268 Romae
1146 1214 1445 1284 episcopm,
1485 1216 1755 1269 decretum
1797 1235 1884 1285 sy-

192 1290 320 1343 nodi
368 1289 651 1342 adversum
699 1308 862 1358 supra
907 1289 1109 1342 dictum
1148 1287 1465 1342 Nestorium
1503 1289 1751 1343 habitum
1789 1307 1881 1342 vo-

194 1363 373 1415 lumen
421 1363 725 1416 describens
773 1364 842 1416 ad
890 1362 1126 1416 Orientis
1175 1364 1228 1414 et
1276 1362 1579 1416 Occidentis
1629 1364 1882 1416 ecclesias

107 1454 161 1494 15
194 1436 341 1489 dedit
371 1437 693 1490 confirmans
718 1438 924 1490 duabus
949 1437 1006 1488 in
1031 1435 1246 1490 Christo
1271 1437 1616 1490 manentibus
1647 1437 1882 1507 perfecte

193 1510 402 1563 naturis
441 1528 605 1563 unam
629 1510 755 1563 Filii
779 1510 882 1564 Dei
921 1510 1241 1563 credendam
1277 1528 1392 1563 esse
1422 1513 1688 1565 naturam.
1740 1510 1882 1563 Huic

196 1584 493 1637 sententiae
550 1603 712 1652 supra
759 1585 930 1638 dictus
975 1584 1262 1638 Nestorius
1319 1587 1570 1638 ostensus
1626 1588 1709 1638 est
1766 1602 1881 1637 esse

195 1659 507 1711 contrarius.
585 1656 846 1711 Similiter
893 1659 1056 1712 etiam
1103 1657 1330 1728 XystuS‚
1383 1677 1658 1712 successor
1697 1657 1881 1712 Caele-

196 1732 348 1799 stini,
398 1751 495 1801 pro
546 1733 731 1786 eadem
781 1751 838 1785 re
892 1737 945 1786 et
995 1733 1062 1785 ad
1112 1733 1291 1801 ipsum
1341 1731 1655 1786 Nestorium
1711 1736 1765 1786 et
1814 1731 1882 1784 ad

107 1822 163 1862 20
196 1803 432 1858 Orientis
480 1807 759 1875 episcopos
811 1807 1093 1860 adversum
1142 1825 1377 1859 errorem
1425 1806 1540 1859 eius
1581 1807 1881 1860 occidenta-

194 1879 328 1931 lium
370 1881 667 1933 sententias
707 1880 989 1934 direxerat.

868 2031 1002 2106 Cap.
1049 2031 1106 2089 L
1120 2030 1220 2089 VI.

345 2144 673 2214 Theodorus,
703 2144 1024 2215 Ancyranus
1050 2145 1295 2198 Galatiae
1329 2146 1626 2215 episcopus,
1666 2146 1890 2216 scripsit-

195 2219 477 2271 adversum
529 2218 867 2288 Nestorium,
919 2219 1090 2272 adhuc
1147 2219 1352 2288 Ephesi
1401 2221 1611 2288 positus
1681 2220 1880 2272 librum

107 2306 162 2347 25
193 2292 590 2362 redargutionis
638 2296 692 2346 et
739 2294 1123 2347 confutationis
1170 2293 1450 2346 dialectica
1506 2294 1719 2362 quidem
1767 2297 1880 2346 arte

146 2375 149 2377 ’
196 2367 526 2436 ordinatum,
567 2367 659 2419 sed
700 2368 1022 2421 auctoritate
1063 2386 1337 2420 sacrarum
1370 2368 1756 2436 scripturarum
1797 2368 1881 2420 de-

193 2443 416 2492 textum.

341 2514 528 2566 Multis
592 2515 735 2567 enim
798 2515 1182 2568 assertionibus
1237 2534 1367 2567 usus
1426 2518 1530 2584 est,
1589 2518 1880 2584 antequam

196 2589 578 2656 scripturarum
618 2589 933 2642 testimonia
971 2592 1210 2657 poneret.

314 2709 339 2748 6
372 2705 528 2750 Bern.:
561 2704 834 2761 episcopatu
922 2705 1079 2750 Bern.:
1111 2705 1294 2750 hostem
1325 2705 1554 2750 ecclesiae
1658 2708 1684 2747 9
1716 2703 1878 2748 Bern.:

195 2763 417 2820 quicquid
539 2768 593 2808 10
624 2762 782 2809 Bern.:
814 2763 1209 2808 demonstrabitur
1331 2769 1387 2807 12
1420 2763 1570 2807 Bernt·
1597 2763 1785 2807 decreta

197 2827 251 2866 13
283 2821 466 2868 Bamb.:
499 2822 697 2868 dictavit
726 2822 941 2866 habitum
1072 2828 1126 2867 18
1158 2823 1341 2868 Bamb.:
1379 2822 1554 2867 similes
1691 2820 1878 2866 Bamb.:

196 2880 351 2925 Sixtus
471 2886 529 2925 20
560 2881 716 2927 Bern.:
749 2881 1081 2926 succidendum
