1974 3192
777 158 1136 209 -79-

116 272 474 326 ‘Palaestinae
522 274 938 326 ecclesiasticam
983 274 1303 344 historiam',
1351 277 1514 346 Hysti
1571 278 1799 332 Romani

117 345 476 416 ‘sententias'‚
536 346 761 416 Euagrii
809 346 1160 416 ‘sententias',
1212 349 1484 418 Pamphili
1541 354 1797 420 martyris

118 419 418 472 ‘adversum
469 418 916 473 mathematicos'.
992 419 1202 473 Horum
1241 423 1478 475 omnium
1519 443 1798 492 quaecum-

119 510 220 562 que
258 494 567 561 praemissis
606 493 846 563 prologis
886 511 918 545 a
954 492 1164 546 Latinis
1210 495 1484 564 leguntur,
1533 516 1565 549 a
1604 497 1795 551 Rufino

115 567 469 635 interpretata
524 569 670 635 sunt3
733 583 868 636 quae
914 584 1040 620 vero
1097 567 1210 620 sine
1263 569 1486 638 prologo
1496 611 1509 638 ‚
1566 571 1632 622 ab
1687 571 1793 623 alio

114 640 381 693 translata
427 643 572 709 sunt,
619 640 710 709 qui
756 640 1043 709 prologum
1080 639 1256 693 facere
1304 643 1499 711 noluit3
1548 642 1795 712 Origenis

115 717 294 766 autem
333 732 444 767 non
484 714 687 782 omnia,
727 714 853 783 quia
891 715 946 765 et
983 712 1347 782 Hieronymus
1385 716 1663 768 transtulit
1703 718 1795 769 ali-

115 791 319 856 quanta
357 805 492 856 quae
529 805 624 840 suo
657 788 880 856 prologo
913 787 1298 840 discernuntur.
1352 787 1575 856 Proprio
1617 793 1795 843 autem

114 861 313 924 labore,
351 861 518 915 immo
559 861 765 931 gratiae
803 860 906 913 Dei
945 861 1084 913 dono
1119 861 1365 928 exposuit
1402 861 1543 913 idem
1573 861 1795 915 Rufinus

114 933 477 1003 ‘symbolum'‚
531 938 594 988 ut
638 935 696 987 in
742 935 854 987 eius
910 934 1312 1002 comparatione
1360 934 1452 986 alii
1496 953 1594 987 nec
1641 953 1796 1004 expo-

117 1008 289 1060 suisse
337 1008 634 1061 credantur.
719 1006 990 1061 Disseruit
1041 1010 1095 1060 et
1145 1006 1589 1060 ‘benedictionem
1635 1007 1796 1061 Iacob

115 1099 276 1149 super
312 1081 666 1150 patriarchas'
706 1081 929 1150 triplici,
969 1081 1024 1134 id
1065 1083 1161 1149 est,
1200 1080 1475 1149 historic0‚
1514 1082 1705 1133 morali
1745 1087 1798 1134 et

111 1155 337 1224 mystico
379 1174 554 1208 sensu.
632 1154 859 1224 Scripsit
904 1158 959 1207 et
996 1155 1256 1223 epistulas
1305 1154 1367 1207 ad
1410 1154 1658 1206 timorem
1697 1153 1797 1207 Dei

109 1227 442 1282 hortatorias
474 1230 687 1298 multae„
725 1230 867 1282 inter
906 1247 1039 1298 quas
1081 1229 1319 1281 eminent
1357 1227 1498 1295 illae,
1538 1245 1668 1295 quas
1711 1228 1796 1280 ‘ad

107 1301 363 1356 Probam'
412 1303 572 1356 dedit.
647 1302 920 1356 Historiae
968 1303 1130 1354 etiam
1170 1301 1583 1370 ecclesiasticae,
1638 1320 1797 1370 quam

109 1376 176 1428 ab
215 1375 453 1430 Eusebio
501 1377 860 1446 conscriptam
911 1379 965 1430 et
1002 1376 1070 1428 ab
1109 1376 1214 1429 isto
1268 1375 1498 1427 diximus
1537 1375 1795 1442 interpre-

107 1451 297 1518 tatam,
338 1450 544 1503 addidit
576 1451 843 1503 decimum
883 1453 937 1504 et
975 1449 1315 1502 undecimum
1347 1449 1530 1501 libros.
1601 1447 1704 1502 Sed
1744 1453 1796 1501 et

106 1523 455 1577 obtrectatori
523 1525 901 1594 opusculorum
971 1541 1189 1577 suorum
1249 1522 1527 1590 respondit
1590 1523 1795 1574 duobus

104 1597 494 1666 voluminibUS‚
542 1616 772 1668 arguens
813 1601 867 1650 et
905 1600 1226 1651 convincens
1268 1615 1323 1649 se
1363 1595 1464 1648 Dei
1503 1596 1703 1648 intuitu
1743 1599 1796 1647 et

106 1671 359 1724 ecclesiae
406 1672 641 1725 utilitate
680 1671 915 1726 Domino
957 1670 1251 1724 auxiliante
1298 1669 1575 1739 ingenium
1623 1670 1793 1738 agita-

104 1744 268 1813 visse,
314 1746 466 1798 illum
522 1764 648 1799 vero
696 1746 1070 1799 aemulationis
1126 1744 1344 1797 stimulo
1393 1743 1678 1796 incitatum
1727 1743 1795 1795 ad

108 1819 427 1888 obloquium
466 1819 651 1872 stilum
689 1820 929 1873 vertisse.

733 1970 867 2044 cap.
914 1969 1166 2028 XVIII.

252 2083 541 2137 Tichonius
580 2084 734 2154 Afer,
773 2084 831 2136 in
871 2084 1063 2137 divinis
1102 2085 1298 2137 litteris
1339 2084 1604 2153 eruditus,
1644 2083 1793 2136 iuxta

101 2157 386 2211 historiam
433 2158 761 2211 sufficienter
808 2161 862 2211 et
901 2158 960 2211 in
999 2158 1364 2211 saecularibus
1411 2176 1520 2210 non
1572 2157 1791 2226 ignarus

100 2230 207 2283 fuit
260 2234 313 2284 et
372 2231 431 2284 in
499 2231 876 2286 ecclesiasticis
940 2250 1150 2302 quoque
1207 2231 1440 2301 negotiis
1505 2230 1790 2283 studiosus,

103 2302 333 2374 Scripsit
387 2305 477 2358 ‘de
531 2306 675 2360 bello
733 2305 1018 2358 intestino'
1072 2306 1240 2358 libros
1297 2308 1350 2358 et
1404 2303 1788 2373 ‘expositiones

102 2378 433 2432 diversarum
458 2378 773 2448 causarum',
797 2379 853 2431 in
876 2379 1069 2448 quibus
1088 2380 1156 2432 ob
1183 2397 1401 2432 suorum
1426 2377 1788 2430 defensionem

101 2452 445 2522 antiquarum
480 2454 727 2506 meminit
766 2452 1106 2521 synodorum.
1166 2453 1213 2505 E
1248 2453 1441 2522 quibus
1482 2450 1790 2520 agnoscitur

99 2524 442 2579 Donatianae
487 2528 657 2596 partis
707 2526 889 2579 fuisse.
967 2525 1285 2594 Composuit
1324 2529 1378 2579 et
1431 2522 1682 2593 ‘regulas'
1723 2523 1790 2575 ad

99 2599 531 2670 investigandam
610 2604 664 2654 et
741 2599 1297 2669 comprehendendam
1372 2597 1788 2667 intelligentiam

220 2749 244 2789 7
277 2744 404 2791 Vae:
436 2745 690 2791 transfudit
812 2750 868 2790 14
898 2745 1084 2790 Bamb.:
1116 2744 1381 2802 praenitent
1515 2747 1572 2786 24
1604 2742 1787 2787 Bamb.:

98 2803 453 2907 {attgdigigdff
591 2810 646 2850 29
678 2804 866 2850 Bamb.:
900 2818 924 2849 e
957 2804 1125 2860 quibus
1159 2803 1371 2849 omnibus
1514 2807 1568 2845 31
1603 2802 1787 2846 Bamb.:

1831 952 1886 991 10

1831 1317 1885 1355 15

1828 1683 1883 1722 20

1826 2168 1880 2206 25

1821 2535 1878 2573 30
