1974 3192
70 271 384 323 nomentum
418 268 640 322 sortitus
673 271 778 337 est,
803 267 1141 323 Christianus
1179 269 1356 323 factus
1382 287 1598 323 omnem
1637 270 1760 330 sub,-

74 342 336 397 stantiam
377 360 530 395 suam
568 342 894 427 pauperibus
935 344 1202 413 erogavit,
1237 361 1299 396 ac
1329 362 1441 396 non
1470 346 1597 412 post
1626 343 1761 396 mul-

72 420 190 470 tum
236 415 499 484 temporis
541 416 766 469 allectus
813 417 871 469 in
908 417 1305 486 presbyterium
1355 417 1519 470 etiam
1558 418 1762 487 episco-

72 508 174 559 pus
214 487 682 559 Carthaginiensis
721 491 1047 543 constitutus
1088 495 1184 543 est.

221 562 397 616 Huius
459 563 666 634 ingenii
736 564 1065 632 superfluum
1135 567 1218 617 est
1277 565 1507 618 indicem
1566 568 1761 634 texere,
1823 577 1849 616 5

73 655 195 691 cum
235 638 350 691 sole
392 638 620 691 clariora
660 638 771 690 sint
809 638 923 690 eius
964 656 1140 706 opera.

221 710 423 765 Passus
463 715 547 765 est
587 711 686 764 sub
711 710 1005 765 Valeriano
1046 714 1101 764 et
1138 709 1383 764 Gallieno
1423 712 1760 781 principibus

71 786 446 854 persecutione
486 788 678 838 octava
716 803 779 838 eo
819 784 904 838 die
943 803 1048 854 quo
1087 784 1293 838 Romae
1334 783 1630 854 CorneliUS,
1670 786 1762 839 sed

71 877 185 912 non
224 858 410 912 eodem
451 877 607 930 anno.

672 1023 811 1099 Cap.
858 1022 987 1081 LX
998 1023 1174 1083 VIII.
1798 1033 1852 1072 10

221 1138 474 1207 PontiuS,
520 1138 782 1193 diaconus
822 1136 1105 1208 Cypriani,
1151 1156 1321 1208 usque
1361 1138 1428 1191 ad
1467 1138 1606 1191 diem
1645 1156 1763 1207 pas-

75 1213 245 1267 sionis
285 1214 399 1266 eius
440 1230 562 1266 cum
599 1213 719 1282 ipso
753 1213 999 1266 exsilium
1045 1213 1315 1266 sustinens
1357 1213 1634 1282 egregium
1672 1230 1764 1264 vo-

73 1287 260 1340 lumen
298 1287 443 1340 vitae
483 1289 538 1339 et
574 1287 845 1355 passionis
888 1284 1152 1355 Cypriani
1191 1286 1424 1356 reliquit.

719 1467 853 1542 Gap.
900 1466 1142 1525 LXIX.

224 1580 544 1651 DionysiUS‚
567 1580 963 1635 Alexandrinae
1002 1582 1284 1651 episcopus
1323 1581 1492 1649 urbis,
1525 1581 1624 1633 sub
1656 1579 1763 1632 He·
1798 1594 1851 1635 15

74 1656 222 1709 racla
261 1656 502 1708 scholam
539 1657 715 1708 tenuit
754 1659 810 1708 et
833 1655 1080 1726 Origenis
1119 1657 1205 1708 vel
1235 1655 1635 1724 insignissimus
1676 1672 1767 1706 au-

76 1731 222 1783 ditor
259 1729 376 1782 fuit.
437 1728 542 1782 Hic
582 1730 639 1782 in
664 1729 920 1798 Cypriani
944 1734 998 1782 et
1027 1729 1318 1783 Africanae
1351 1729 1540 1798 synodi
1571 1728 1769 1798 dogma

77 1804 421 1858 consentiens
462 1803 526 1856 de
564 1803 818 1856 hereticis
857 1803 1255 1873 rebaptizandis
1295 1803 1557 1872 plurimas
1591 1802 1658 1854 ad
1690 1802 1765 1854 di-

75 1896 264 1931 versos
314 1877 463 1930 misit
510 1878 791 1946 epistulas,
839 1897 977 1947 quae
1024 1896 1193 1947 usque
1231 1877 1391 1930 hodie
1431 1878 1667 1944 exstant,
1715 1878 1770 1928 et

81 1953 149 2005 ad
187 1951 443 2020 Fabium,
467 1951 842 2004 Antiochenae
882 1951 1137 2005 ecclesiae
1177 1951 1504 2021 episcopum,
1543 1950 1607 2002 de
1645 1967 1767 2018 pae-
1799 1964 1857 2004 20

77 2026 338 2094 nitentia,
393 2025 461 2077 ad
506 2025 783 2078 Romanos
837 2044 933 2094 per
977 2024 1343 2095 Hippolytum
1397 2025 1643 2092 alteram,
1699 2022 1768 2076 ad

77 2099 339 2168 Xystum,
378 2099 469 2168 qui
509 2097 786 2167 Stephano
827 2102 1182 2168 successerat,
1221 2099 1353 2151 duas
1393 2098 1668 2167 epistulaS,
1713 2099 1768 2149 et

24 2201 34 2206 ·
81 2174 150 2227 ad
173 2173 546 2226 Philemonem
578 2177 633 2226 et
657 2172 996 2242 Dionysium,
1027 2173 1306 2226 Romanae
1340 2172 1591 2225 ecclesiae
1622 2188 1767 2239 pres-

78 2248 304 2316 byteros
344 2247 499 2317 duas,
531 2250 586 2299 et
617 2247 685 2299 ad
716 2247 943 2300 eundem
967 2248 1318 2317 Dionysium,
1348 2245 1768 2316 posteaRoma-

79 2339 183 2374 nae
224 2321 478 2374 ecclesiae
510 2320 846 2390 episcopum,
878 2325 933 2374 et
964 2322 1031 2374 ad
1053 2320 1106 2374 N
1109 2322 1421 2375 ovatianum
1453 2322 1765 2373 causantem
1800 2331 1855 2372 25

81 2395 224 2465 quod
274 2395 476 2448 invitus
515 2394 719 2448 Romae
761 2395 1046 2464 episcopus
1085 2396 1362 2448 ordinatus
1402 2396 1566 2462 esset,
1611 2393 1762 2446 cuius

81 2469 343 2538 epistulae
368 2468 471 2522 hoc
495 2468 771 2534 exordium
803 2471 907 2522 est:
947 2468 1257 2538 ‘Dionysius
1280 2468 1334 2523 N
1338 2469 1588 2522 ovatiano
1612 2466 1770 2519 fratri

201 2634 228 2674 2
261 2627 424 2673 Bamb.
458 2631 506 2674 et
535 2629 767 2675 Norimba
801 2643 856 2675 ac
886 2631 996 2688 post
1024 2643 1118 2675 non
1269 2635 1295 2674 3
1327 2628 1558 2675 Norimb.:
1593 2627 1768 2672 electus

81 2689 132 2732 in
162 2688 486 2745 presbyterum
606 2693 632 2733 8
664 2689 788 2745 Vat„
812 2689 963 2746 Rern„
987 2688 1151 2734 Bamb.
1178 2690 1226 2734 et
1241 2689 1474 2734 Norimb.·
1511 2687 1621 2740 ‘',eo
1653 2699 1768 2730 11011.

85 2747 310 2818 ‘eodem',
343 2748 469 2804 quod
500 2724 794 2804 exspectatur
939 2754 993 2793 16
1026 2747 1188 2793 Bamb
1222 2751 1271 2793 et
1293 2747 1529 2793 Norimba
1563 2721 1771 2790 scholam

82 2782 387 2863 κατηχήσεων
417 2807 662 2864 presbyter
791 2813 844 2852 18
876 2806 1004 2853 Vat.:
1036 2807 1327 2865 baptizandis
1449 2811 1505 2850 22
1538 2804 1665 2849 Vat.:
1700 2802 1768 2847 Si-

83 2867 230 2920 stum;
262 2865 449 2910 Bamb.:
483 2865 700 2923 Syxtum3
732 2867 966 2912 Norimb.·
955 2901 966 2911 .
1001 2866 1182 2911 Sixtum
