1974 3192
915 206 1270 259 -30—

252 325 537 393 exemplar,
568 323 707 375 unde
729 323 1137 391 transcripsisti,
1167 322 1598 392 diligentissime3
1632 323 1774 376 hanc
1804 341 1934 394 quo-

250 415 352 466 que
391 396 810 450 obtestationem
849 397 1098 449 similiter
1135 395 1429 449 transferas
1438 438 1454 463 ,
1492 400 1554 449 ut
1583 396 1838 450 invenisti
1875 397 1934 450 in

250 468 573 538 exemplari?

395 543 598 596 Ferunt
636 543 750 597 eius
790 546 844 595 et
882 543 1015 596 alias
1049 543 1117 596 ad
1141 542 1440 613 Victorem,
1479 544 1792 613 episcopum
1826 543 1933 597 Ro·

189 629 215 670 5
247 636 491 685 manum,
546 617 609 670 de
660 617 972 686 quaestione
1016 616 1247 685 paschae
1295 617 1579 685 epistulas,
1633 617 1692 669 in
1738 617 1936 686 quibus

249 693 556 743 commonet
610 709 732 743 eum
783 709 896 744 non
945 690 1103 744 facile
1159 690 1348 743 debere
1402 691 1669 744 unitatem
1721 691 1935 761 collegii

250 763 513 834 scindere,
570 765 615 817 si
663 764 879 833 quidem
917 764 1105 818 Victor
1153 764 1354 817 multos
1392 763 1559 816 Asiae
1607 767 1660 816 et
1698 762 1935 818 Orientis

249 838 555 908 episcopOS,
595 839 686 907 qui
718 841 910 907 quarta
942 838 1147 891 decima
1177 838 1307 890 luna
1344 856 1464 891 cum
1486 837 1700 891 Iudaeis
1731 838 1937 907 pascha

247 911 615 981 celebrabant,
654 911 989 965 damnandos
1029 911 1340 965 crediderat.
1415 910 1482 963 In
1522 929 1683 980 quam
1722 914 1933 965 senten-

162 999 215 1038 10
245 985 379 1038 tiam
427 986 589 1038 etiam
636 986 694 1038 hi
748 986 840 1054 qui
880 985 1258 1055 discrepabant
1297 986 1364 1048 ab
1415 985 1526 1038 illis
1572 983 1784 1038 Victori
1821 1003 1934 1038 non

247 1059 510 1112 dederunt
548 1078 754 1111 manus,
815 1058 1025 1113 Floruit
1063 1059 1293 1112 maxime
1329 1059 1427 1111 sub
1453 1057 1747 1111 Commodo
1786 1058 1932 1128 prin-

246 1133 384 1202 cipe,
446 1134 536 1202 qui
590 1132 772 1186 Marco
821 1133 1100 1186 Antonino
1141 1132 1285 1185 Vero
1339 1132 1399 1184 in
1451 1132 1676 1201 imperio
1729 1151 1931 1186 succes-

249 1209 407 1260 serat.

842 1297 976 1372 Gap.
1029 1297 1229 1355 XXX
1240 1297 1339 1355 VI.

159 1424 212 1463 15
392 1410 699 1465 Pantaenus
706 1453 722 1481 ,
746 1412 946 1465 stoicae
979 1414 1154 1465 sectae
1176 1411 1558 1482 philosophUS,
1590 1412 1741 1465 iuxta
1765 1431 1930 1483 quan-

245 1484 368 1537 dam
406 1489 640 1538 veterem
678 1486 736 1538 in
760 1484 1087 1539 Alexandria
1126 1486 1590 1555 consuetudinem,
1629 1486 1724 1539 ubi
1748 1484 1930 1540 Marco

245 1560 576 1629 evangelista
608 1560 925 1614 instituente
959 1578 1169 1630 semper
1207 1559 1550 1614 ecclesiastici
1577 1559 1723 1614 fuere
1749 1559 1929 1614 docto-

242 1651 348 1699 reS,
388 1637 573 1687 tantae
603 1633 922 1702 prudentiae
962 1637 1015 1686 et
1048 1634 1363 1687 eruditionis
1396 1638 1509 1687 tam
1540 1634 1599 1686 in
1636 1634 1931 1704 scripturis,

243 1725 404 1776 quam
442 1707 501 1759 in
541 1708 802 1761 saeculari
840 1708 1149 1762 litteratura
1186 1708 1314 1776 fuit,
1352 1711 1413 1761 ut
1450 1708 1510 1760 in
1548 1707 1760 1761 Indiam
1800 1726 1928 1778 quo-

155 1794 210 1834 20
244 1799 346 1850 que
383 1784 606 1851 rogatus
647 1782 714 1834 ab
754 1782 899 1835 illius
939 1783 1116 1852 gentis
1156 1782 1350 1852 legatis
1392 1800 1424 1834 a
1461 1779 1762 1846 Demetrio,
1800 1782 1925 1835 Ale-

245 1855 500 1908 xandriae
542 1856 810 1925 episcopO,
849 1856 1165 1910 mitteretur.
1228 1856 1337 1910 Ubi
1375 1856 1614 1925 repperit
1644 1854 1929 1909 Bartholo-

243 1946 421 1981 meum
471 1929 534 1982 de
584 1930 865 1983 duodecim
911 1930 1171 1999 apostolis
1219 1929 1509 1983 adventum
1549 1929 1768 1982 Domini
1805 1928 1927 1982 Iesu

245 2003 396 2056 iuxta
420 2002 684 2056 Matthaei
724 2005 1060 2074 evangelium
1100 2004 1460 2073 praedicasse,
1501 2002 1644 2073 quod
1681 2003 1928 2056 hebraeis

245 2076 442 2129 litteris
483 2078 743 2146 scriptum
782 2081 1054 2131 revertens
1082 2077 1464 2131 Alexandriam
1505 2095 1684 2130 secum
1723 2077 1928 2130 detulit.

158 2165 212 2204 25
244 2148 422 2203 Huius
477 2152 635 2204 multi
682 2151 895 2220 quidem
949 2152 1007 2203 in
1054 2157 1296 2204 sanctam
1344 2153 1664 2221 scripturam
1715 2153 1930 2204 exstant

240 2225 632 2293 commentarii,
672 2225 764 2278 sed
803 2226 979 2294 magis
1012 2226 1134 2279 viva
1163 2245 1267 2279 vox
1299 2226 1537 2279 ecclesiis
1569 2224 1794 2294 profuit3
1834 2224 1928 2278 do—

241 2297 454 2367 cuitque
494 2299 595 2351 sub
636 2297 831 2352 Severo
870 2299 1112 2368 principe
1154 2303 1207 2352 et
1229 2299 1526 2364 Antonino,
1567 2301 1923 2368 cognomento

245 2369 540 2425 Caracalla.
1347 2431 1349 2433 .

822 2465 956 2539 Cap.
1011 2465 1210 2523 XXX
1221 2465 1361 2524 VII.

151 2594 207 2633 30
386 2576 639 2647 Rhodon,
673 2596 866 2648 genere
898 2579 1156 2647 AsianUS,
1187 2598 1219 2632 a
1243 2579 1495 2649 TatianO,
1530 2580 1593 2632 de
1626 2597 1730 2648 quo
1764 2596 1926 2648 supra

240 2649 495 2717 diximus,
544 2651 748 2705 Romae
797 2652 854 2704 in
895 2653 1171 2722 scripturis
1211 2648 1449 2707 eruditus
1491 2653 1656 2705 edidit
1692 2652 1926 2720 plurima

357 2802 384 2840 4
416 2797 498 2842 aL:
532 2798 743 2842 feruntur
774 2823 828 2830 --
864 2797 1088 2854 epistolae
1183 2803 1237 2843 16
1269 2799 1351 2843 aL:
1385 2813 1413 2843 a
1443 2797 1600 2842 Marco
1634 2796 1924 2855 evangelista
1971 2783 1974 2786 Α

239 2868 420 2911 semper
551 2861 604 2901 18
637 2855 870 2901 Norimb.:
905 2856 1142 2913 scripturis
1174 2858 1345 2903 sanctis
1487 2861 1543 2902 26
1577 2857 1659 2902 aL:
1692 2869 1804 2901 voce

241 2919 296 2958 30
328 2914 455 2958 Vat.:
490 2918 799 2974 cognomento
