1974 3192
751 171 1115 229 „35-

84 289 315 358 Smyrna
354 289 652 359 requiescit.
724 288 864 353 Quid
900 307 1117 343 necesse
1153 292 1237 343 est
1269 289 1499 360 Sagaris,
1540 291 1776 361 episcopi

83 369 138 416 et
176 364 457 433 martyriS,
495 363 791 432 recordari,
828 363 920 433 qui
963 363 1020 415 in
1059 362 1323 417 Laodicea
1372 370 1678 435 soporatur,
1724 368 1778 418 et

82 436 282 506 Papyri
316 437 477 506 beati,
515 439 568 490 et
605 436 901 506 Melitonis‚
947 437 1006 489 in
1053 437 1246 506 spiritu
1297 442 1483 492 sancto
1533 438 1778 508 eunuchi,

83 512 175 581 qui
226 529 435 580 semper
473 510 706 564 Domino
747 511 984 564 serviens
1022 511 1232 578 positus
1282 515 1365 564 est
1403 512 1460 565 in
1499 511 1682 566 Sardis
1722 517 1777 566 et

83 587 359 653 exspectat
396 585 454 637 in
493 585 726 638 adventu
770 584 884 637 eius
922 585 1406 637 resurrectionem?
1473 584 1549 638 Hi
1587 604 1774 640 omnes
1836 599 1863 639 5

82 658 502 711 observaverunt
550 657 692 710 diem
737 657 967 726 paschae
1017 660 1209 726 quarta
1259 658 1466 711 decima
1503 660 1654 729 luna,
1706 661 1774 713 ab

82 732 394 801 evangelica
432 730 723 785 traditione
761 731 820 784 in
857 730 1063 784 nullam
1102 734 1313 799 partem
1351 732 1681 787 declinantes
1722 737 1776 786 et

81 806 506 858 ecclesiasticum
547 806 830 875 sequentes
871 821 1144 857 canonem.
1204 804 1327 874 Ego
1361 824 1588 875 quoque,
1619 807 1775 860 mini-

81 897 201 931 mus
235 879 476 932 omnium
507 882 761 947 vestrum,
790 877 1100 946 Polycrates
1142 878 1434 931 secundum
1474 880 1775 934 doctrinam

79 953 505 1022 propinquorum
528 970 786 1020 meorum,
818 969 953 1020 quos
986 954 1041 1004 et
1066 955 1277 1004 secutus
1313 971 1446 1022 sum,
1471 983 1541 990 —
1568 957 1773 1023 septem
1809 968 1862 1007 10

81 1026 345 1096 siquidem
391 1026 611 1079 fuerunt
658 1025 898 1095 episcopi
944 1028 998 1078 et
1045 1042 1145 1095 ego
1194 1028 1416 1079 octavus
1460 1057 1523 1064 -—
1568 1045 1777 1096 semper

78 1099 280 1169 pascha
329 1100 614 1169 celebravi,
670 1099 884 1168 quando
939 1100 1170 1167 populus
1225 1099 1546 1152 Iudaeorum
1592 1119 1778 1170 azyma

80 1174 328 1227 faciebat.
405 1174 616 1243 Itaque,
666 1174 888 1243 fratres,
934 1172 1084 1226 LXV
1126 1191 1296 1226 annos
1334 1173 1542 1227 habens
1582 1176 1775 1227 aetatis

79 1266 232 1301 meae
278 1248 336 1300 in
383 1247 620 1301 Domino
669 1250 723 1300 et
763 1266 795 1300 a
839 1246 1024 1299 multis
1070 1246 1134 1299 de
1173 1249 1291 1300 toto
1340 1248 1467 1300 orbe
1514 1248 1773 1301 fratribus

79 1322 336 1391 erudituS,
375 1324 662 1391 peragrata
693 1321 841 1374 omni
873 1321 1154 1389 scriptura,
1186 1339 1298 1373 non
1336 1321 1641 1375 formidabo
1682 1340 1773 1375 eos
1808 1336 1860 1375 15

80 1397 171 1465 qui
226 1396 386 1448 nobis
453 1396 745 1448 minantur.
836 1393 1102 1447 Dixerunt
1155 1394 1298 1447 enim
1354 1395 1584 1448 maiores
1645 1396 1773 1448 mei:

80 1468 315 1539 ‘oportet
352 1468 469 1523 Deo
508 1469 682 1539 magis
723 1467 975 1522 oboedire
1016 1486 1174 1537 quam
1211 1468 1558 1522 hominibus'.
1625 1468 1775 1522 Haec

76 1546 363 1613 propterea
401 1543 581 1612 posui,
629 1545 690 1595 ut
728 1543 1004 1613 ingenium
1045 1545 1099 1594 et
1146 1542 1524 1595 auctoritatem
1568 1543 1671 1596 viri
1710 1561 1774 1596 ex

75 1635 245 1686 parvo
277 1617 535 1685 opusculo
569 1616 1008 1670 demonstrarem.
1063 1614 1276 1669 Floruit
1300 1614 1483 1669 Severi
1513 1617 1771 1686 principis

77 1691 413 1760 temporibus
446 1691 630 1744 eadem
665 1692 860 1759 aetate,
893 1708 999 1760 qua
1030 1688 1317 1742 Narcissus
1349 1688 1772 1759 Hierosolymae.
1806 1705 1861 1744 20

714 1870 850 1944 Cap.
906 1869 1023 1927 XL
1038 1869 1139 1928 VI.

224 1984 535 2039 Heraclitus
599 1985 697 2038 sub
754 1983 1033 2038 Commodi
1088 1982 1373 2054 Severique
1436 1984 1663 2055 imperio
1719 1985 1773 2038 in

84 2060 388 2129 apostolum
428 2058 840 2114 commentarios
881 2058 1195 2127 composuit.

700 2240 836 2314 Cap.
891 2238 1009 2297 XL
1023 2238 1162 2298 VII.

231 2353 500 2407 Maximus
540 2355 639 2407 sub
680 2353 871 2407 iisdem
918 2353 1249 2423 principibus
1298 2353 1565 2406 famosam
1613 2371 1771 2422 quae·
1807 2369 1862 2408 25

80 2428 311 2481 stionem
348 2428 550 2498 insigni
588 2428 860 2481 volumine
899 2427 1202 2496 ventilavit,
1257 2427 1396 2480 unde
1443 2426 1667 2498 malum,
1722 2430 1776 2480 et

81 2501 224 2572 quod
263 2502 491 2555 materia
530 2521 562 2554 a
600 2501 716 2556 Deo
756 2502 902 2555 facta
942 2502 1027 2555 sit.

199 2652 224 2692 5
256 2647 387 2693 Vat.:
421 2649 605 2704 spectat
728 2652 782 2691 11
816 2647 876 2692 al.
909 2647 997 2692 hoc
1027 2646 1130 2692 loco
1164 2646 1365 2690 addunt:
1398 2644 1646 2702 propinqui
1678 2645 1772 2689 mei

77 2710 132 2750 22
167 2705 297 2751 Vat.:
329 2707 616 2764 temporibus
737 2712 793 2752 23
826 2705 1057 2752 Norimb.:
1090 2706 1328 2763 apostolos
