1974 3192
882 180 1202 232 ..8-

204 297 448 365 Domini,
486 296 738 363 IacobuS,
779 298 1134 364 cognomento
1173 295 1373 350 Iustus,
1426 295 1587 350 Multi
1627 295 1891 366 siquidem

204 370 388 424 Iacobi
434 370 788 436 vocabantur,
833 368 921 421 hic
968 369 1032 420 de
1079 371 1234 423 utero
1281 370 1468 423 matris
1518 373 1733 423 sanctus
1771 369 1902 438 fuit,

206 444 394 497 vinum
441 445 495 496 et
541 443 710 496 sicera
755 460 867 496 non
912 442 1074 511 bibit,
1122 460 1338 495 carnem
1384 444 1592 496 nullam
1645 442 1898 511 comedit,

206 535 486 586 nunquam
537 516 795 570 adtonsus
855 519 938 569 est
986 534 1085 569 nec
1138 518 1330 569 unctus
1383 520 1465 570 est
1513 519 1754 587 ungento
1794 534 1894 569 nec
1973 553 1974 567 ἶ

148 605 176 644 5
210 609 339 643 usus
388 590 598 644 balneo.
674 589 816 642 Huic
863 590 965 643 soli
1018 590 1226 642 licitum
1275 593 1390 643 erat
1443 590 1655 660 ingredi
1711 591 1899 643 sancta

210 667 543 732 sanctorum3
585 663 847 732 siquidem
877 663 1117 717 vestibus
1148 664 1317 716 laneis
1356 682 1468 717 non
1498 664 1766 731 utebatur,
1805 662 1898 716 sed

208 738 368 791 lineis
378 779 392 807 ,
459 739 707 807 solusque
768 737 1172 807 ingrediebatur
1229 737 1287 789 in
1338 738 1600 806 templum
1663 740 1718 789 et
1777 736 1901 788 fixis

210 812 439 881 genibus
478 829 577 880 pro
615 812 817 881 populo
850 811 1251 880 deprecabatur,
1288 811 1346 863 in
1375 813 1588 863 tantum
1626 813 1688 864 ut
1728 827 1899 863 came-

209 886 389 939 lorum
422 885 677 937 duritiam
708 885 941 938 traxisse
974 885 1085 937 eius
1118 902 1295 955 genua
1327 885 1702 939 crederentur?
1750 883 1904 937 Dicit.

118 973 175 1014 10
213 963 270 1012 et
317 959 424 1012 alia
470 959 644 1012 multa
692 977 828 1028 quae
883 977 1191 1012 enumerare
1238 959 1463 1029 longum
1511 962 1607 1012 est.
1693 958 1797 1012 Sed
1845 960 1903 1010 et

205 1033 471 1102 Iosephus
510 1033 565 1084 in
606 1033 859 1086 vicesimo
891 1033 1029 1085 libro
1055 1032 1462 1102 Antiquitatum
1493 1033 1661 1086 refert
1700 1035 1754 1086 et
1779 1030 1898 1085 Cle-

201 1125 355 1160 mens
409 1107 468 1158 in
523 1107 752 1176 septimo
784 1101 1242 1176 Ἥτοτυπώσεων,
1298 1109 1511 1160 mortuo
1567 1106 1752 1176 Festo,
1807 1105 1899 1175 qui

201 1180 458 1234 Iudaeam
496 1180 741 1250 regebat,
781 1180 1007 1233 missum
1046 1198 1163 1233 esse
1204 1199 1236 1233 a
1273 1180 1490 1235 Nerone
1530 1197 1892 1233 successorem

204 1255 320 1307 eius
359 1253 636 1307 Albinum.
713 1254 817 1316 Qui
864 1273 985 1307 cum
1029 1253 1257 1307 necdum
1297 1255 1364 1307 ad
1402 1254 1735 1323 provinciam
1774 1271 1892 1323 per-

117 1341 173 1381 15
206 1329 464 1397 venisset,
519 1328 744 1381 Ananus
799 1328 1069 1398 pontifex,
1131 1328 1442 1381 adulescens
1497 1326 1680 1381 Anani
1735 1327 1895 1396 filius,

206 1402 272 1454 de
333 1419 528 1471 genere
599 1401 920 1455 sacerdotali
993 1405 1212 1471 accepta
1272 1402 1559 1456 occasione
1629 1396 1901 1472 ἀναρχίας

204 1476 490 1529 concilium
531 1476 882 1546 congregavit
921 1478 975 1528 et
1013 1477 1339 1545 compellens
1378 1476 1595 1545 publice
1626 1475 1903 1544 Iacobum,

206 1553 270 1603 ut
300 1547 599 1619 Christum,
630 1548 733 1602 Dei
771 1550 958 1619 filium,
989 1549 1294 1620 denegaret,
1326 1550 1784 1603 contradicentem
1822 1549 1899 1601 la-

210 1623 385 1692 pidari
423 1623 595 1677 iussit.
674 1623 775 1686 Qui
798 1623 1199 1693 *praecipitatus
1241 1625 1304 1676 de
1343 1625 1511 1693 pinna
1548 1623 1736 1692 templi
1775 1641 1900 1676 con-

119 1712 177 1752 20
209 1697 396 1750 fractis
437 1697 678 1750 cruribus
720 1716 842 1751 cum
875 1697 1048 1751 adhuc
1081 1698 1410 1751 semianimis
1441 1699 1638 1750 tollens
1679 1697 1745 1750 ad
1785 1714 1899 1749 cae-

211 1771 326 1824 lum
365 1789 556 1823 manus
598 1772 815 1824 diceret:
856 1771 1123 1839 ‘Domine,
1161 1773 1377 1842 ignosce
1425 1772 1524 1840 εἰει,
1572 1771 1729 1841 quod,
1755 1771 1899 1823 enim

201 1845 431 1910 faciunt,
471 1845 756 1910 nesciunt',
794 1846 1019 1899 fullonis
1057 1845 1223 1917 fuste,
1271 1864 1376 1914 quo
1430 1846 1536 1898 uda
1572 1845 1899 1899 vestimenta

202 1919 509 1988 extorqueri
549 1920 747 1988 solent,
785 1920 844 1972 in
876 1920 1091 1973 cerebro
1122 1938 1408 1988 percussus
1441 1919 1662 1972 interiit.
1711 1918 1900 1971 Tradit

203 1993 348 2046 idem
386 1992 650 2062 Iosephus
698 1996 883 2047 tantae
930 2012 1051 2046 eum
1101 1994 1405 2047 sanctitatis
1452 1993 1619 2046 fuisse
1671 1996 1724 2045 et
1762 1992 1899 2045 cele-

116 2080 174 2120 25
207 2067 422 2119 britatis
462 2067 519 2119 in
556 2068 779 2137 populo,
819 2070 880 2120 ut
909 2070 1130 2136 propter
1161 2068 1272 2120 eius
1305 2085 1493 2120 necem
1526 2066 1787 2120 creditum
1825 2066 1900 2118 sit

207 2141 521 2194 subversam
559 2140 1014 2210 Hierosolymam,
1068 2141 1173 2194 Hic
1214 2144 1296 2194 est
1335 2141 1399 2194 de
1439 2159 1545 2211 quo
1586 2144 1639 2194 et
1679 2142 1910 2210 apostOr

204 2215 291 2267 lus
331 2213 532 2267 Paulus
583 2215 770 2268 scribit
817 2216 884 2268 ad
925 2213 1173 2268 Galatas:
1221 2215 1415 2268 ‘alium
1463 2217 1642 2267 autem
1684 2216 1898 2284 aposto-

204 2289 384 2341 lorum
430 2289 540 2341 vidi
587 2289 861 2342 neminem
907 2289 1013 2342 nisi
1058 2288 1315 2342 Iacobum
1362 2289 1586 2342 fratrem
1631 2285 1899 2357 Domini’3

205 2364 261 2414 et
302 2362 671 2431 apostolorum
712 2381 870 2433 super
907 2362 1009 2415 hoc
1051 2363 1290 2416 crebrius
1340 2365 1462 2416 acta
1499 2365 1794 2432 testantur,
1843 2364 1897 2412 et

112 2450 172 2489 30
206 2436 546 2506 evangelium
573 2455 785 2508 quoque
811 2437 952 2506 quod
978 2437 1284 2506 appellatur
1309 2436 1602 2490 secundum
1617 2436 1896 2489 Hebraeos

321 2600 347 2640 3
381 2617 437 2632 =
463 2592 514 2639 τὸ
549 2597 710 2652 σίκερα
743 2596 863 2652 (aliiz
897 2596 1106 2650 siceram)
1250 2603 1278 2642 4
1309 2597 1358 2641 in
1389 2595 1550 2641 Bamb.
1584 2598 1630 2641 et
1660 2595 1895 2640 Norimb.:

203 2659 267 2698 est
298 2655 450 2709 deest3
484 2652 586 2699 alii:
618 2655 710 2699 fuit
810 2660 835 2699 5
862 2655 1046 2701 Bamb.:
1077 2656 1156 2700 hic
1180 2656 1343 2702 solitus
1368 2657 1468 2700 erat
1569 2659 1623 2699 10
1639 2655 1774 2700 Vat.:
1804 2654 1895 2698 hoc

203 2713 330 2758 loco:
365 2716 514 2768 esset;
547 2714 673 2759 aliis:
704 2714 897 2771 longum
930 2717 1000 2759 est
1110 2720 1162 2760 12
1181 2714 1314 2762 Vat.:
1345 2717 1530 2759 mortuo
1560 2713 1726 2770 inquid
1755 2714 1896 2758 Festo

290 2777 343 2817 15
380 2772 545 2819 Bamb.
572 2775 620 2818 et
641 2773 874 2818 Norimb.:
910 2774 1117 2820 Anianus
1141 2801 1195 2807 —
1221 2774 1413 2827 Aniani3
1446 2773 1570 2819 Vat.:
1606 2772 1813 2817 Ananias
1838 2797 1893 2803 —

204 2831 361 2876 Anani
490 2835 546 2876 25
579 2832 709 2877 Vat.:
740 2833 787 2876 in
821 2833 1019 2889 populos
1156 2839 1211 2878 27
1245 2833 1302 2878 cf.
1336 2832 1438 2877 Gal.
1473 2838 1512 2889 1,
1547 2837 1600 2876 19
1745 2836 1801 2876 29
1835 2830 1894 2875 cf.

203 2891 308 2936 Act..
344 2897 383 2947 1,
419 2896 486 2937 13.
521 2896 591 2948 22,
627 2897 695 2936 17.
730 2895 800 2947 15,
835 2897 888 2936 13
