1974 3192
63 310 164 367 25:
203 308 219 333 ²

64 606 160 660 26:

61 681 161 733 27:

61 754 159 808 28:

62 827 158 880 29:

103 1935 162 1988 9:

68 2010 164 2062 10:

69 2083 162 2136 12:

71 2156 164 2210 15:

71 2231 164 2284 17:

72 2305 164 2358 18:

67 2379 164 2431 20:

67 2452 167 2505 25:

69 2527 168 2579 27:

69 2600 166 2653 28:

70 2673 166 2726 29:

70 2747 165 2800 30:

70 2893 168 2947 31:

101 1417 136 1618 oe-qm
102 1268 136 1322 w
101 1014 161 1174 [vt-*⁶

759 174 1189 222 —Xv—.

222 307 666 379 persecutionem'
723 327 827 364 om.
889 309 988 378 ml,
1049 309 1141 363 sed
1193 310 1251 362 in
1311 327 1418 380 mg.
1477 313 1604 379 post
1652 309 1765 364 ‘do-

199 383 454 437 miciano'
496 383 614 435 add.
653 381 731 435 m¹
768 384 854 436 vel
891 381 984 436 m2.
1024 414 1093 423 —
1140 383 1401 437 Pathmos
1443 383 1572 455 (A.).
1650 383 1763 455 (V.:

198 455 459 528 Paphos).
490 487 551 494 —
588 455 910 510 Domiciano
950 457 1007 509 in
1048 456 1309 511 Pathmos
1349 459 1527 511 insula
1567 460 1762 524 [secun-

198 532 321 584 dam
326 535 450 598 post
471 531 730 583 Neronem
753 534 975 584 movente
998 529 1304 584 Domitiano
1319 533 1760 599 persecutionem}

200 606 603 672 interpraetatur
643 602 731 674 (V.
748 603 838 656 A.:
877 602 1347 675 interpretantur).

201 677 472 732 Hireneus
515 676 630 749 (V.:
668 675 981 749 hyreneus).

200 751 519 806 Domiciano
561 755 616 805 et
655 754 820 805 actos,

201 825 516 879 crudelitate
549 825 794 879 rescissis
820 823 983 891 V.A.]
1023 825 1208 878 scissis,
1235 855 1304 862 ——
1330 824 1534 893 Nerva]
1577 844 1672 880 om.
1698 825 1757 880 P.

803 955 922 1012 Pay.
954 959 1028 1001 16.

148 1046 503 1112 .Pertinace]
549 1065 651 1100 om.
692 1045 759 1099 V.
765 1047 1069 1115 ,pertinaci
1110 1046 1168 1100 P

150 1138 526 1189 ·perseverans
572 1125 704 1174 totas
748 1120 912 1174 Asiae
954 1120 1212 1187 fundauit
1253 1120 1480 1188 rexitque
1519 1121 1762 1175 ecclesias,

198 1193 311 1263 (V.:
330 1198 385 1247 et
401 1194 615 1248 erexit..
632 1194 717 1247 A.:
738 1192 963 1263 etrexit)
983 1192 1172 1264 (totas
1184 1193 1367 1247 Asiae'
1387 1212 1484 1247 err.
1500 1198 1611 1264 typ.
1624 1193 1766 1280 om3).

150 1287 162 1321 ε
202 1268 470 1335 Confectus
514 1269 652 1322 senio
700 1268 946 1323 LXVII.
1035 1266 1145 1339 (A.:
1193 1268 1572 1352 confectusque
1615 1269 1766 1323 senio

201 1360 380 1413 sexag.
420 1345 519 1395 oct.
560 1373 633 1379 —-
672 1342 760 1397 V.
802 1342 1186 1412 confectusque
1228 1342 1375 1395 senio
1415 1345 1469 1395 et
1509 1361 1548 1395 S.
1589 1342 1677 1414 0.).

152 1436 164 1469 :
203 1416 436 1470 Hermas
479 1413 605 1487 (Vn)

152 1510 163 1544 :
205 1489 579 1558 ‘Asyncritum'
619 1507 714 1543 om.
755 1487 893 1558 (A.);
932 1489 1229 1561 flegontam
1252 1490 1310 1543 P.
1349 1490 1594 1560 flegonta
1635 1487 1763 1560 (A).

149 1583 160 1617 ε
200 1563 446 1618 Herman
487 1564 563 1617 sic
603 1582 634 1616 a
673 1562 764 1618 m.¹
801 1565 1105 1633 patrobam.
1143 1564 1371 1618 herman
1409 1568 1462 1617 et
1501 1564 1595 1634 qui
1635 1567 1760 1617 sunt

206 1657 328 1691 cum
367 1639 443 1691 eis
483 1638 693 1692 fratres.
738 1667 805 1675 —
855 1635 966 1709 (A.:
1011 1637 1256 1690 Herman
1302 1639 1582 1691 Patroban
1630 1637 1762 1690 Her-

198 1730 339 1765 men.
362 1743 436 1750 -—
466 1711 556 1766 V.:
598 1712 946 1781 asinonitum,
978 1712 1272 1781 phlegonte
1305 1711 1549 1765 Herman
1582 1715 1635 1765 et
1672 1713 1760 1781 qui

201 1804 322 1839 cum
369 1786 445 1838 eis
493 1789 622 1839 sunt
666 1782 754 1856 fr.)
814 1787 1053 1852 [salutate
1100 1785 1460 1855 Phleyorctam,
1514 1785 1760 1855 Hermen,

198 1860 501 2004 Patzolgrmj,
542 1862 779 1913 Hermam
816 1863 866 1913 et
900 1862 991 1927 qui
1027 1864 1151 1914 sunt
1186 1877 1302 1913 cum
1339 1862 1412 1914 θέε
1446 1860 1681 1926 fratres}

203 1953 309 2003 apu
454 1976 465 1986 .
495 1975 505 1987 .

207 2007 444 2061 Greciae.
489 2038 552 2046 —
594 2008 856 2077 publicae.

207 2085 352 2150 aput.

203 2155 375 2224 Fylon
414 2153 503 2225 (V.
512 2154 600 2210 A.:
639 2154 860 2227 Philon)
898 2153 1116 2209 Judeus.

203 2230 378 2299 primo
417 2227 547 2300 (Vm)

203 2304 424 2357 scribens
437 2304 640 2357 ecclesia
650 2302 778 2374 (A.)
805 2264 916 2374 (V.:
931 2306 1062 2372 aput
1073 2302 1421 2356 Alexandrin.
1443 2303 1568 2356 eccl.
1580 2299 1763 2373 scrib.)

205 2394 618 2431 commemorans.
682 2375 769 2448 (A.
783 2377 873 2431 V.·
911 2375 1257 2447 memorans)

208 2452 454 2505 doctrina
492 2450 602 2522 (V..
643 2452 887 2505 doctrina
927 2470 1012 2521 qn.
1053 2454 1107 2504 et
1146 2448 1520 2521 continentia).

208 2526 332 2596 gaio
373 2525 606 2595 galicula
644 2523 732 2596 (V.
773 2524 1062 2597 Galigola).
1129 2524 1288 2592 [Gaio
1328 2524 1605 2594 Caliyula.]

205 2600 343 2667 quod
380 2598 469 2669 (V.
486 2599 552 2653 A.
569 2599 630 2652 B.
672 2597 816 2670 quo).

207 2671 358 2726 ‘vero'
398 2691 493 2727 om.
535 2671 661 2744 (A).
702 2704 772 2714 —
812 2671 926 2743 (V.:
966 2671 1136 2726 ‘uero'
1179 2670 1320 2742 add.)

205 2747 428 2800 locutum
464 2764 567 2802 esse
604 2764 720 2800 cum
757 2746 909 2801 Petro
947 2747 1170 2815 apostolo
1210 2744 1322 2818 (V.:
1362 2747 1395 2798 1.
1433 2745 1599 2798 fuisse
1640 2761 1762 2797 cum

204 2822 451 2890 apostolo
491 2820 701 2893 Petro).

210 2913 498 2949 amlcic1as.
