<?xml version="1.0" encoding="UTF-8"?>
<!DOCTYPE html PUBLIC "-//W3C//DTD XHTML 1.0 Transitional//EN"
    "http://www.w3.org/TR/xhtml1/DTD/xhtml1-transitional.dtd">
<html xmlns="http://www.w3.org/1999/xhtml" xml:lang="en" lang="en">
 <head>
  <title>
</title>
<meta http-equiv="Content-Type" content="text/html;charset=utf-8" />
  <meta name='ocr-system' content='tesseract 3.04.00' />
  <meta name='ocr-capabilities' content='ocr_page ocr_carea ocr_par ocr_line ocrx_word'/>
</head>
<body>
  <div class='ocr_page' id='page_1' title='image "./devirisinlustrib00jerouoft_0100.png"; bbox 0 0 1974 3192; ppageno 0'>
   <div class='ocr_carea' id='block_1_1' title="bbox 128 759 153 798">
    <p class='ocr_par' dir='ltr' id='par_1_1' title="bbox 128 759 153 798">
     <span class='ocr_line' id='line_1_1' title="bbox 128 759 153 798; baseline 0 0"><span class='ocrx_word' id='word_1_1' title='bbox 128 759 153 798; x_wconf 85' lang='lat'>5</span> 
     </span>
    </p>
   </div>
   <div class='ocr_carea' id='block_1_2' title="bbox 106 1289 161 1329">
    <p class='ocr_par' dir='ltr' id='par_1_2' title="bbox 106 1289 161 1329">
     <span class='ocr_line' id='line_1_2' title="bbox 106 1289 161 1329; baseline 0.018 -1"><span class='ocrx_word' id='word_1_2' title='bbox 106 1289 161 1329; x_wconf 89' lang='lat'>10</span> 
     </span>
    </p>
   </div>
   <div class='ocr_carea' id='block_1_3' title="bbox 104 1658 156 1697">
    <p class='ocr_par' dir='ltr' id='par_1_3' title="bbox 104 1658 156 1697">
     <span class='ocr_line' id='line_1_3' title="bbox 104 1658 156 1697; baseline -0.019 0"><span class='ocrx_word' id='word_1_3' title='bbox 104 1658 156 1697; x_wconf 80' lang='lat'>15</span> 
     </span>
    </p>
   </div>
   <div class='ocr_carea' id='block_1_4' title="bbox 105 2189 162 2228">
    <p class='ocr_par' dir='ltr' id='par_1_4' title="bbox 105 2189 162 2228">
     <span class='ocr_line' id='line_1_4' title="bbox 105 2189 162 2228; baseline 0.018 -1"><span class='ocrx_word' id='word_1_4' title='bbox 105 2189 162 2228; x_wconf 82' lang='lat'>20</span> 
     </span>
    </p>
   </div>
   <div class='ocr_carea' id='block_1_5' title="bbox 108 2558 162 2597">
    <p class='ocr_par' dir='ltr' id='par_1_5' title="bbox 108 2558 162 2597">
     <span class='ocr_line' id='line_1_5' title="bbox 108 2558 162 2597; baseline 0 0"><span class='ocrx_word' id='word_1_5' title='bbox 108 2558 162 2597; x_wconf 79' lang='lat'>25</span> 
     </span>
    </p>
   </div>
   <div class='ocr_carea' id='block_1_6' title="bbox 846 202 1206 255">
    <p class='ocr_par' dir='ltr' id='par_1_6' title="bbox 846 202 1206 255">
     <span class='ocr_line' id='line_1_6' title="bbox 846 202 1206 255; baseline -0.003 -15"><span class='ocrx_word' id='word_1_6' title='bbox 846 202 1206 255; x_wconf 54' lang='lat'>„52-</span> 
     </span>
    </p>
   </div>
   <div class='ocr_carea' id='block_1_7' title="bbox 183 317 1872 445">
    <p class='ocr_par' dir='ltr' id='par_1_7' title="bbox 183 317 1872 445">
     <span class='ocr_line' id='line_1_7' title="bbox 184 317 1872 388; baseline 0 -16"><span class='ocrx_word' id='word_1_7' title='bbox 184 322 238 373; x_wconf 84' lang='lat' dir='ltr'>et</span> <span class='ocrx_word' id='word_1_8' title='bbox 283 319 574 372; x_wconf 90' lang='lat' dir='ltr'>Valeriano</span> <span class='ocrx_word' id='word_1_9' title='bbox 633 319 689 370; x_wconf 93' lang='lat' dir='ltr'>in</span> <span class='ocrx_word' id='word_1_10' title='bbox 729 317 982 373; x_wconf 85' lang='lat' dir='ltr'>Chalcide</span> <span class='ocrx_word' id='word_1_11' title='bbox 1031 318 1286 372; x_wconf 82' lang='lat' dir='ltr'>Graeciae</span> <span class='ocrx_word' id='word_1_12' title='bbox 1340 320 1601 388; x_wconf 86' lang='lat' dir='ltr'>martyrio</span> <span class='ocrx_word' id='word_1_13' title='bbox 1650 337 1872 373; x_wconf 84' lang='lat' dir='ltr'>corona-</span> 
     </span>
     <span class='ocr_line' id='line_1_8' title="bbox 183 395 406 445; baseline -0.004 0"><span class='ocrx_word' id='word_1_14' title='bbox 183 396 269 445; x_wconf 81' lang='lat' dir='ltr'>tus</span> <span class='ocrx_word' id='word_1_15' title='bbox 311 395 406 444; x_wconf 87' lang='lat' dir='ltr'>est.</span> 
     </span>
    </p>
   </div>
   <div class='ocr_carea' id='block_1_8' title="bbox 751 541 1308 616">
    <p class='ocr_par' dir='ltr' id='par_1_8' title="bbox 751 541 1308 616">
     <span class='ocr_line' id='line_1_9' title="bbox 751 541 1308 616; baseline 0 -16"><span class='ocrx_word' id='word_1_16' title='bbox 751 541 887 616; x_wconf 70' lang='lat' dir='ltr'>Gap.</span> <span class='ocrx_word' id='word_1_17' title='bbox 935 541 1308 600; x_wconf 89' lang='lat' dir='ltr'><strong><em>LXXXIV.</em></strong></span> 
     </span>
    </p>
   </div>
   <div class='ocr_carea' id='block_1_9' title="bbox 332 656 1974 739">
    <p class='ocr_par' dir='ltr' id='par_1_9' title="bbox 332 656 1974 739">
     <span class='ocr_line' id='line_1_10' title="bbox 332 656 1974 739; baseline -0.001 -16"><span class='ocrx_word' id='word_1_18' title='bbox 332 671 619 738; x_wconf 76' lang='lat' dir='ltr'>IuvencuS‚</span> <span class='ocrx_word' id='word_1_19' title='bbox 650 670 976 723; x_wconf 81' lang='lat' dir='ltr'>nobilissimi</span> <span class='ocrx_word' id='word_1_20' title='bbox 1008 670 1220 739; x_wconf 79' lang='lat' dir='ltr'>generis</span> <span class='ocrx_word' id='word_1_21' title='bbox 1244 668 1549 738; x_wconf 85' lang='lat' dir='ltr'>Hispanus,</span> <span class='ocrx_word' id='word_1_22' title='bbox 1580 669 1874 738; x_wconf 74' lang='lat' dir='ltr'>presbyter,</span> <span class='ocrx_word' id='word_1_23' title='bbox 1964 656 1974 694; x_wconf 34' lang='grc' dir='ltr'>ἔ</span> 
     </span>
    </p>
   </div>
   <div class='ocr_carea' id='block_1_10' title="bbox 185 743 1974 959">
    <p class='ocr_par' dir='ltr' id='par_1_10' title="bbox 185 743 1974 959">
     <span class='ocr_line' id='line_1_11' title="bbox 187 743 1974 814; baseline -0.002 -17"><span class='ocrx_word' id='word_1_24' title='bbox 187 748 441 814; x_wconf 82' lang='lat' dir='ltr'>quattuor</span> <span class='ocrx_word' id='word_1_25' title='bbox 481 743 763 814; x_wconf 87' lang='lat' dir='ltr'>evangelia</span> <span class='ocrx_word' id='word_1_26' title='bbox 800 743 1127 796; x_wconf 73' lang='lat' dir='ltr'>hexametris</span> <span class='ocrx_word' id='word_1_27' title='bbox 1167 743 1409 796; x_wconf 87' lang='lat' dir='ltr'>versibus</span> <span class='ocrx_word' id='word_1_28' title='bbox 1448 760 1620 811; x_wconf 89' lang='lat' dir='ltr'>paene</span> <span class='ocrx_word' id='word_1_29' title='bbox 1661 743 1728 795; x_wconf 87' lang='lat' dir='ltr'>ad</span> <span class='ocrx_word' id='word_1_30' title='bbox 1759 760 1872 795; x_wconf 83' lang='lat' dir='ltr'>ver·</span> <span class='ocrx_word' id='word_1_31' title='bbox 1963 788 1974 807; x_wconf 52' lang='lat'><strong>⁴</strong></span> 
     </span>
     <span class='ocr_line' id='line_1_12' title="bbox 185 817 1872 886; baseline -0.002 -15"><span class='ocrx_word' id='word_1_32' title='bbox 185 820 314 871; x_wconf 92' lang='lat' dir='ltr'>bum</span> <span class='ocrx_word' id='word_1_33' title='bbox 351 817 684 871; x_wconf 87' lang='lat' dir='ltr'>transferens</span> <span class='ocrx_word' id='word_1_34' title='bbox 740 819 998 886; x_wconf 82' lang='lat' dir='ltr'>quattuor</span> <span class='ocrx_word' id='word_1_35' title='bbox 1050 817 1218 870; x_wconf 91' lang='lat' dir='ltr'>libros</span> <span class='ocrx_word' id='word_1_36' title='bbox 1266 817 1588 886; x_wconf 72' lang='lat' dir='ltr'>composuit,</span> <span class='ocrx_word' id='word_1_37' title='bbox 1636 819 1691 868; x_wconf 80' lang='lat' dir='ltr'>et</span> <span class='ocrx_word' id='word_1_38' title='bbox 1739 834 1872 869; x_wconf 91' lang='lat' dir='ltr'>non·</span> 
     </span>
     <span class='ocr_line' id='line_1_13' title="bbox 186 889 1974 959; baseline -0.001 -15"><span class='ocrx_word' id='word_1_39' title='bbox 186 893 331 944; x_wconf 90' lang='lat' dir='ltr'>nulla</span> <span class='ocrx_word' id='word_1_40' title='bbox 372 892 556 945; x_wconf 91' lang='lat' dir='ltr'>eodem</span> <span class='ocrx_word' id='word_1_41' title='bbox 594 894 766 943; x_wconf 78' lang='lat' dir='ltr'>metro</span> <span class='ocrx_word' id='word_1_42' title='bbox 809 891 875 943; x_wconf 88' lang='lat' dir='ltr'>ad</span> <span class='ocrx_word' id='word_1_43' title='bbox 917 893 1374 943; x_wconf 87' lang='lat' dir='ltr'>sacramentorum</span> <span class='ocrx_word' id='word_1_44' title='bbox 1423 889 1664 943; x_wconf 88' lang='lat' dir='ltr'>ordinem</span> <span class='ocrx_word' id='word_1_45' title='bbox 1711 890 1872 959; x_wconf 87' lang='lat' dir='ltr'>perti·</span> <span class='ocrx_word' id='word_1_46' title='bbox 1967 892 1974 947; x_wconf 78' lang='lat' dir='ltr'>j:</span> 
     </span>
    </p>
   </div>
   <div class='ocr_carea' id='block_1_11' title="bbox 185 962 1510 1033">
    <p class='ocr_par' dir='ltr' id='par_1_11' title="bbox 185 962 1510 1033">
     <span class='ocr_line' id='line_1_14' title="bbox 185 962 1510 1033; baseline -0.002 -14"><span class='ocrx_word' id='word_1_47' title='bbox 185 966 388 1019; x_wconf 85' lang='lat' dir='ltr'>nentia.</span> <span class='ocrx_word' id='word_1_48' title='bbox 464 965 674 1018; x_wconf 86' lang='lat' dir='ltr'>Floruit</span> <span class='ocrx_word' id='word_1_49' title='bbox 713 963 813 1017; x_wconf 93' lang='lat' dir='ltr'>sub</span> <span class='ocrx_word' id='word_1_50' title='bbox 854 962 1213 1017; x_wconf 79' lang='lat' dir='ltr'>Constantino</span> <span class='ocrx_word' id='word_1_51' title='bbox 1253 964 1510 1033; x_wconf 87' lang='lat' dir='ltr'>principe.</span> 
     </span>
    </p>
   </div>
   <div class='ocr_carea' id='block_1_12' title="bbox 774 1141 1293 1217">
    <p class='ocr_par' dir='ltr' id='par_1_12' title="bbox 774 1141 1293 1217">
     <span class='ocr_line' id='line_1_15' title="bbox 774 1141 1293 1217; baseline 0 -17"><span class='ocrx_word' id='word_1_52' title='bbox 774 1143 910 1217; x_wconf 68' lang='lat' dir='ltr'>Gap.</span> <span class='ocrx_word' id='word_1_53' title='bbox 958 1141 1293 1201; x_wconf 81' lang='lat' dir='ltr'><strong><em>LXXXV.</em></strong></span> 
     </span>
    </p>
   </div>
   <div class='ocr_carea' id='block_1_13' title="bbox 188 1270 1876 1414">
    <p class='ocr_par' dir='ltr' id='par_1_13' title="bbox 188 1270 1876 1414">
     <span class='ocr_line' id='line_1_16' title="bbox 341 1270 1875 1342; baseline -0.001 -16"><span class='ocrx_word' id='word_1_54' title='bbox 341 1273 689 1340; x_wconf 56' lang='lat' dir='ltr'>Busta-thim,</span> <span class='ocrx_word' id='word_1_55' title='bbox 730 1289 924 1342; x_wconf 85' lang='lat' dir='ltr'>genere</span> <span class='ocrx_word' id='word_1_56' title='bbox 963 1271 1342 1341; x_wconf 78' lang='lat' dir='ltr'>PamphyliUS,</span> <span class='ocrx_word' id='word_1_57' title='bbox 1382 1270 1591 1326; x_wconf 82' lang='lat' dir='ltr'>Sidetes</span> <span class='ocrx_word' id='word_1_58' title='bbox 1644 1271 1875 1341; x_wconf 88' lang='lat' dir='ltr'>primum</span> 
     </span>
     <span class='ocr_line' id='line_1_17' title="bbox 188 1345 1876 1414; baseline -0.002 -13"><span class='ocrx_word' id='word_1_59' title='bbox 188 1348 425 1401; x_wconf 86' lang='lat' dir='ltr'>Beroeae</span> <span class='ocrx_word' id='word_1_60' title='bbox 481 1345 690 1414; x_wconf 78' lang='lat' dir='ltr'>Syriae,</span> <span class='ocrx_word' id='word_1_61' title='bbox 753 1346 941 1398; x_wconf 90' lang='lat' dir='ltr'>deinde</span> <span class='ocrx_word' id='word_1_62' title='bbox 996 1345 1320 1398; x_wconf 72' lang='lat' dir='ltr'>Antiochiae</span> <span class='ocrx_word' id='word_1_63' title='bbox 1375 1346 1683 1414; x_wconf 83' lang='lat' dir='ltr'>episcopus,</span> <span class='ocrx_word' id='word_1_64' title='bbox 1737 1346 1876 1398; x_wconf 80' lang='lat' dir='ltr'>rexit</span> 
     </span>
    </p>
   </div>
   <div class='ocr_carea' id='block_1_14' title="bbox 190 1419 1974 1490">
    <p class='ocr_par' dir='ltr' id='par_1_14' title="bbox 190 1419 1974 1490">
     <span class='ocr_line' id='line_1_18' title="bbox 190 1419 1974 1490; baseline -0.002 -16"><span class='ocrx_word' id='word_1_65' title='bbox 190 1421 471 1474; x_wconf 89' lang='lat' dir='ltr'>ecclesiam</span> <span class='ocrx_word' id='word_1_66' title='bbox 518 1423 572 1472; x_wconf 78' lang='lat' dir='ltr'>et</span> <span class='ocrx_word' id='word_1_67' title='bbox 621 1420 876 1472; x_wconf 88' lang='lat' dir='ltr'>adversus</span> <span class='ocrx_word' id='word_1_68' title='bbox 917 1419 1247 1472; x_wconf 90' lang='lat' dir='ltr'>Arianorum</span> <span class='ocrx_word' id='word_1_69' title='bbox 1286 1419 1484 1490; x_wconf 87' lang='lat' dir='ltr'>dogma</span> <span class='ocrx_word' id='word_1_70' title='bbox 1522 1419 1696 1472; x_wconf 85' lang='lat' dir='ltr'>multa</span> <span class='ocrx_word' id='word_1_71' title='bbox 1735 1438 1876 1472; x_wconf 91' lang='lat' dir='ltr'>com·</span> <span class='ocrx_word' id='word_1_72' title='bbox 1968 1446 1974 1462; x_wconf 77' lang='lat' dir='ltr'><em>s</em></span> 
     </span>
    </p>
   </div>
   <div class='ocr_carea' id='block_1_15' title="bbox 188 1492 1878 1710">
    <p class='ocr_par' dir='ltr' id='par_1_15' title="bbox 188 1492 1878 1710">
     <span class='ocr_line' id='line_1_19' title="bbox 188 1492 1878 1564; baseline -0.002 -16"><span class='ocrx_word' id='word_1_73' title='bbox 188 1513 395 1564; x_wconf 89' lang='lat' dir='ltr'>ponens</span> <span class='ocrx_word' id='word_1_74' title='bbox 436 1494 536 1547; x_wconf 95' lang='lat' dir='ltr'>sub</span> <span class='ocrx_word' id='word_1_75' title='bbox 576 1492 896 1547; x_wconf 85' lang='lat' dir='ltr'>Constantio</span> <span class='ocrx_word' id='word_1_76' title='bbox 936 1493 1176 1562; x_wconf 89' lang='lat' dir='ltr'>principe</span> <span class='ocrx_word' id='word_1_77' title='bbox 1215 1493 1404 1562; x_wconf 90' lang='lat' dir='ltr'>pulsus</span> <span class='ocrx_word' id='word_1_78' title='bbox 1445 1495 1527 1546; x_wconf 89' lang='lat' dir='ltr'>est</span> <span class='ocrx_word' id='word_1_79' title='bbox 1564 1494 1620 1546; x_wconf 91' lang='lat' dir='ltr'>in</span> <span class='ocrx_word' id='word_1_80' title='bbox 1660 1493 1878 1546; x_wconf 84' lang='lat' dir='ltr'>exilium</span> 
     </span>
     <span class='ocr_line' id='line_1_20' title="bbox 189 1566 1876 1637; baseline -0.002 -15"><span class='ocrx_word' id='word_1_81' title='bbox 189 1568 597 1637; x_wconf 86' lang='lat' dir='ltr'>Traianopolim</span> <span class='ocrx_word' id='word_1_82' title='bbox 635 1566 1011 1636; x_wconf 85' lang='lat' dir='ltr'>Thraciarum,</span> <span class='ocrx_word' id='word_1_83' title='bbox 1059 1567 1154 1619; x_wconf 95' lang='lat' dir='ltr'>ubi</span> <span class='ocrx_word' id='word_1_84' title='bbox 1203 1570 1256 1619; x_wconf 85' lang='lat' dir='ltr'>et</span> <span class='ocrx_word' id='word_1_85' title='bbox 1293 1585 1462 1636; x_wconf 87' lang='lat' dir='ltr'>usque</span> <span class='ocrx_word' id='word_1_86' title='bbox 1499 1567 1659 1620; x_wconf 88' lang='lat' dir='ltr'>hodie</span> <span class='ocrx_word' id='word_1_87' title='bbox 1699 1567 1876 1620; x_wconf 91' lang='lat' dir='ltr'>condi-</span> 
     </span>
     <span class='ocr_line' id='line_1_21' title="bbox 189 1639 1877 1710; baseline -0.001 -15"><span class='ocrx_word' id='word_1_88' title='bbox 189 1646 276 1695; x_wconf 82' lang='lat' dir='ltr'>tus</span> <span class='ocrx_word' id='word_1_89' title='bbox 316 1645 410 1696; x_wconf 83' lang='lat' dir='ltr'>est.</span> <span class='ocrx_word' id='word_1_90' title='bbox 486 1642 723 1695; x_wconf 81' lang='lat' dir='ltr'>Exstant</span> <span class='ocrx_word' id='word_1_91' title='bbox 761 1642 873 1696; x_wconf 92' lang='lat' dir='ltr'>eius</span> <span class='ocrx_word' id='word_1_92' title='bbox 912 1641 1188 1694; x_wconf 88' lang='lat' dir='ltr'>volumina</span> <span class='ocrx_word' id='word_1_93' title='bbox 1227 1640 1310 1693; x_wconf 70' lang='lat' dir='ltr'>‘de</span> <span class='ocrx_word' id='word_1_94' title='bbox 1343 1639 1560 1710; x_wconf 83' lang='lat' dir='ltr'>anima&#39;,</span> <span class='ocrx_word' id='word_1_95' title='bbox 1600 1639 1684 1693; x_wconf 72' lang='lat' dir='ltr'>‘de</span> <span class='ocrx_word' id='word_1_96' title='bbox 1718 1658 1877 1710; x_wconf 85' lang='lat' dir='ltr'>enga-</span> 
     </span>
    </p>
   </div>
   <div class='ocr_carea' id='block_1_16' title="bbox 190 1711 1974 1794">
    <p class='ocr_par' dir='ltr' id='par_1_16' title="bbox 190 1711 1974 1794">
     <span class='ocr_line' id='line_1_22' title="bbox 190 1711 1974 1794; baseline -0.002 -25"><span class='ocrx_word' id='word_1_97' title='bbox 190 1715 500 1785; x_wconf 86' lang='lat' dir='ltr'>strimytho&#39;</span> <span class='ocrx_word' id='word_1_98' title='bbox 535 1713 682 1787; x_wconf 81' lang='grc' dir='ltr'><strong>(περὶ</strong></span> <span class='ocrx_word' id='word_1_99' title='bbox 715 1711 1189 1784; x_wconf 80' lang='grc' dir='ltr'><em>ἐγγαστριμύθου)</em></span> <span class='ocrx_word' id='word_1_100' title='bbox 1224 1713 1526 1768; x_wconf 70' lang='lat' dir='ltr'>eadversum</span> <span class='ocrx_word' id='word_1_101' title='bbox 1552 1713 1882 1785; x_wconf 84' lang='lat' dir='ltr'>Origenem&#39;,</span> <span class='ocrx_word' id='word_1_102' title='bbox 1971 1789 1974 1794; x_wconf 31' lang='grc' dir='ltr'>Ι</span> 
     </span>
    </p>
   </div>
   <div class='ocr_carea' id='block_1_17' title="bbox 191 1789 1775 1859">
    <p class='ocr_par' dir='ltr' id='par_1_17' title="bbox 191 1789 1775 1859">
     <span class='ocr_line' id='line_1_23' title="bbox 191 1789 1775 1859; baseline -0.002 -16"><span class='ocrx_word' id='word_1_103' title='bbox 191 1794 244 1843; x_wconf 84' lang='lat' dir='ltr'>et</span> <span class='ocrx_word' id='word_1_104' title='bbox 282 1790 526 1843; x_wconf 83' lang='lat' dir='ltr'>infinitae</span> <span class='ocrx_word' id='word_1_105' title='bbox 568 1789 848 1858; x_wconf 80' lang='lat' dir='ltr'>epistulae,</span> <span class='ocrx_word' id='word_1_106' title='bbox 886 1807 1020 1858; x_wconf 86' lang='lat' dir='ltr'>quas</span> <span class='ocrx_word' id='word_1_107' title='bbox 1062 1806 1372 1841; x_wconf 91' lang='lat' dir='ltr'>enumerare</span> <span class='ocrx_word' id='word_1_108' title='bbox 1411 1789 1638 1859; x_wconf 86' lang='lat' dir='ltr'>longum</span> <span class='ocrx_word' id='word_1_109' title='bbox 1678 1791 1775 1841; x_wconf 85' lang='lat' dir='ltr'>est.</span> 
     </span>
    </p>
   </div>
   <div class='ocr_carea' id='block_1_18' title="bbox 758 1967 1316 2043">
    <p class='ocr_par' dir='ltr' id='par_1_18' title="bbox 758 1967 1316 2043">
     <span class='ocr_line' id='line_1_24' title="bbox 758 1967 1316 2043; baseline -0.004 -15"><span class='ocrx_word' id='word_1_110' title='bbox 758 1969 896 2043; x_wconf 71' lang='lat' dir='ltr'>cap.</span> <span class='ocrx_word' id='word_1_111' title='bbox 943 1967 1316 2026; x_wconf 84' lang='lat' dir='ltr'><strong><em>LXXXVI.</em></strong></span> 
     </span>
    </p>
   </div>
   <div class='ocr_carea' id='block_1_19' title="bbox 195 2095 1900 2462">
    <p class='ocr_par' dir='ltr' id='par_1_19' title="bbox 195 2095 1900 2462">
     <span class='ocr_line' id='line_1_25' title="bbox 340 2095 1880 2167; baseline 0 -18"><span class='ocrx_word' id='word_1_112' title='bbox 340 2097 648 2167; x_wconf 79' lang='lat' dir='ltr'>MarceHUS,</span> <span class='ocrx_word' id='word_1_113' title='bbox 687 2098 1007 2166; x_wconf 82' lang='lat' dir='ltr'>Ancyranus</span> <span class='ocrx_word' id='word_1_114' title='bbox 1049 2098 1355 2166; x_wconf 60' lang='lat' dir='ltr'>episcopm,</span> <span class='ocrx_word' id='word_1_115' title='bbox 1395 2098 1494 2150; x_wconf 92' lang='lat' dir='ltr'>sub</span> <span class='ocrx_word' id='word_1_116' title='bbox 1520 2095 1880 2150; x_wconf 81' lang='lat' dir='ltr'>Constantino</span> 
     </span>
     <span class='ocr_line' id='line_1_26' title="bbox 196 2169 1900 2240; baseline 0 -17"><span class='ocrx_word' id='word_1_117' title='bbox 196 2173 249 2223; x_wconf 90' lang='lat' dir='ltr'>et</span> <span class='ocrx_word' id='word_1_118' title='bbox 288 2169 608 2224; x_wconf 83' lang='lat' dir='ltr'>Constantio</span> <span class='ocrx_word' id='word_1_119' title='bbox 647 2171 979 2240; x_wconf 88' lang='lat' dir='ltr'>principibus</span> <span class='ocrx_word' id='word_1_120' title='bbox 1017 2171 1200 2224; x_wconf 87' lang='lat' dir='ltr'>floruit</span> <span class='ocrx_word' id='word_1_121' title='bbox 1237 2171 1515 2240; x_wconf 83' lang='lat' dir='ltr'>multaque</span> <span class='ocrx_word' id='word_1_122' title='bbox 1548 2171 1900 2224; x_wconf 40' lang='lat' dir='ltr'>diversarum*</span> 
     </span>
     <span class='ocr_line' id='line_1_27' title="bbox 195 2240 1881 2314; baseline 0.001 -17"><span class='ocrx_word' id='word_1_123' title='bbox 195 2240 524 2298; x_wconf 82' lang='grc' dir='ltr'><em>ὑποθέσεων</em></span> <span class='ocrx_word' id='word_1_124' title='bbox 556 2245 772 2314; x_wconf 88' lang='lat' dir='ltr'>scripsit</span> <span class='ocrx_word' id='word_1_125' title='bbox 801 2245 1074 2298; x_wconf 83' lang='lat' dir='ltr'>volumina</span> <span class='ocrx_word' id='word_1_126' title='bbox 1106 2247 1160 2297; x_wconf 90' lang='lat' dir='ltr'>et-</span> <span class='ocrx_word' id='word_1_127' title='bbox 1183 2245 1413 2297; x_wconf 86' lang='lat' dir='ltr'>maximc</span> <span class='ocrx_word' id='word_1_128' title='bbox 1448 2244 1703 2299; x_wconf 87' lang='lat' dir='ltr'>adversus</span> <span class='ocrx_word' id='word_1_129' title='bbox 1726 2244 1881 2298; x_wconf 90' lang='lat' dir='ltr'>Aria-</span> 
     </span>
     <span class='ocr_line' id='line_1_28' title="bbox 195 2317 1884 2388; baseline 0.001 -18"><span class='ocrx_word' id='word_1_130' title='bbox 195 2337 312 2371; x_wconf 89' lang='lat' dir='ltr'>nos.</span> <span class='ocrx_word' id='word_1_131' title='bbox 374 2317 642 2370; x_wconf 73' lang='lat' dir='ltr'>Feruntur</span> <span class='ocrx_word' id='word_1_132' title='bbox 681 2321 870 2372; x_wconf 88' lang='lat' dir='ltr'>contra</span> <span class='ocrx_word' id='word_1_133' title='bbox 900 2319 1043 2371; x_wconf 92' lang='lat' dir='ltr'>hunc</span> <span class='ocrx_word' id='word_1_134' title='bbox 1073 2317 1277 2372; x_wconf 83' lang='lat' dir='ltr'>Asterii</span> <span class='ocrx_word' id='word_1_135' title='bbox 1309 2321 1363 2371; x_wconf 78' lang='lat' dir='ltr'>et</span> <span class='ocrx_word' id='word_1_136' title='bbox 1385 2317 1713 2388; x_wconf 90' lang='lat' dir='ltr'>Apollinarii</span> <span class='ocrx_word' id='word_1_137' title='bbox 1742 2319 1884 2388; x_wconf 85' lang='lat' dir='ltr'>libri,</span> 
     </span>
     <span class='ocr_line' id='line_1_29' title="bbox 198 2390 1882 2462; baseline 0.001 -18"><span class='ocrx_word' id='word_1_138' title='bbox 198 2391 538 2444; x_wconf 80' lang='lat' dir='ltr'>Sabellianae</span> <span class='ocrx_word' id='word_1_139' title='bbox 578 2410 700 2445; x_wconf 89' lang='lat' dir='ltr'>eum</span> <span class='ocrx_word' id='word_1_140' title='bbox 736 2392 988 2445; x_wconf 87' lang='lat' dir='ltr'>hereseos</span> <span class='ocrx_word' id='word_1_141' title='bbox 1030 2395 1330 2462; x_wconf 77' lang='lat' dir='ltr'>arguentes,</span> <span class='ocrx_word' id='word_1_142' title='bbox 1408 2390 1511 2445; x_wconf 83' lang='lat' dir='ltr'>Sed</span> <span class='ocrx_word' id='word_1_143' title='bbox 1551 2395 1605 2446; x_wconf 85' lang='lat' dir='ltr'>et</span> <span class='ocrx_word' id='word_1_144' title='bbox 1641 2391 1882 2446; x_wconf 88' lang='lat' dir='ltr'>Hilarius</span> 
     </span>
    </p>
   </div>
   <div class='ocr_carea' id='block_1_20' title="bbox 194 2465 1974 2682">
    <p class='ocr_par' dir='ltr' id='par_1_20' title="bbox 194 2465 1974 2682">
     <span class='ocr_line' id='line_1_30' title="bbox 196 2465 1974 2536; baseline 0.002 -19"><span class='ocrx_word' id='word_1_145' title='bbox 196 2467 252 2517; x_wconf 88' lang='lat' dir='ltr'>in</span> <span class='ocrx_word' id='word_1_146' title='bbox 285 2466 515 2533; x_wconf 85' lang='lat' dir='ltr'>septimo</span> <span class='ocrx_word' id='word_1_147' title='bbox 550 2465 825 2519; x_wconf 72' lang='lat' dir='ltr'>eadversus</span> <span class='ocrx_word' id='word_1_148' title='bbox 850 2465 1107 2519; x_wconf 90' lang='lat' dir='ltr'>Arianos&#39;</span> <span class='ocrx_word' id='word_1_149' title='bbox 1147 2466 1286 2519; x_wconf 89' lang='lat' dir='ltr'>libro</span> <span class='ocrx_word' id='word_1_150' title='bbox 1319 2466 1553 2519; x_wconf 91' lang='lat' dir='ltr'>nominis</span> <span class='ocrx_word' id='word_1_151' title='bbox 1590 2467 1703 2519; x_wconf 90' lang='lat' dir='ltr'>eius</span> <span class='ocrx_word' id='word_1_152' title='bbox 1730 2467 1882 2536; x_wconf 89' lang='lat' dir='ltr'>quasi</span> <span class='ocrx_word' id='word_1_153' title='bbox 1969 2496 1974 2523; x_wconf 67' lang='lat'>,2</span> 
     </span>
     <span class='ocr_line' id='line_1_31' title="bbox 194 2539 1974 2613; baseline 0.002 -22"><span class='ocrx_word' id='word_1_154' title='bbox 194 2539 418 2592; x_wconf 86' lang='lat' dir='ltr'>heretici</span> <span class='ocrx_word' id='word_1_155' title='bbox 450 2540 710 2593; x_wconf 81' lang='lat' dir='ltr'>meminit.</span> <span class='ocrx_word' id='word_1_156' title='bbox 771 2539 939 2593; x_wconf 92' lang='lat' dir='ltr'>Porro</span> <span class='ocrx_word' id='word_1_157' title='bbox 971 2540 1064 2592; x_wconf 87' lang='lat' dir='ltr'>ille</span> <span class='ocrx_word' id='word_1_158' title='bbox 1096 2539 1333 2593; x_wconf 81' lang='lat' dir='ltr'>defendit</span> <span class='ocrx_word' id='word_1_159' title='bbox 1365 2558 1419 2593; x_wconf 90' lang='lat' dir='ltr'>se</span> <span class='ocrx_word' id='word_1_160' title='bbox 1451 2558 1563 2592; x_wconf 93' lang='lat' dir='ltr'>non</span> <span class='ocrx_word' id='word_1_161' title='bbox 1596 2558 1711 2593; x_wconf 88' lang='lat' dir='ltr'>esse</span> <span class='ocrx_word' id='word_1_162' title='bbox 1753 2541 1882 2610; x_wconf 81' lang='lat' dir='ltr'>dog·</span> <span class='ocrx_word' id='word_1_163' title='bbox 1967 2549 1974 2613; x_wconf 62' lang='lat'>5}</span> 
     </span>
     <span class='ocr_line' id='line_1_32' title="bbox 195 2613 1974 2682; baseline 0.002 -17"><span class='ocrx_word' id='word_1_164' title='bbox 195 2613 379 2682; x_wconf 84' lang='lat' dir='ltr'>matis,</span> <span class='ocrx_word' id='word_1_165' title='bbox 427 2613 577 2665; x_wconf 93' lang='lat' dir='ltr'>cuius</span> <span class='ocrx_word' id='word_1_166' title='bbox 625 2614 998 2682; x_wconf 74' lang='lat' dir='ltr'>accusabatur,</span> <span class='ocrx_word' id='word_1_167' title='bbox 1039 2614 1414 2667; x_wconf 92' lang='lat' dir='ltr'>communione</span> <span class='ocrx_word' id='word_1_168' title='bbox 1454 2613 1579 2666; x_wconf 91' lang='lat' dir='ltr'>Iulii</span> <span class='ocrx_word' id='word_1_169' title='bbox 1618 2617 1672 2666; x_wconf 89' lang='lat' dir='ltr'>et</span> <span class='ocrx_word' id='word_1_170' title='bbox 1709 2613 1881 2667; x_wconf 79' lang='lat' dir='ltr'>Atha·</span> <span class='ocrx_word' id='word_1_171' title='bbox 1965 2615 1974 2669; x_wconf 72' lang='grc' dir='ltr'>ξ</span> 
     </span>
    </p>
   </div>
   <div class='ocr_carea' id='block_1_21' title="bbox 196 2685 1761 2756">
    <p class='ocr_par' dir='ltr' id='par_1_21' title="bbox 196 2685 1761 2756">
     <span class='ocr_line' id='line_1_33' title="bbox 196 2685 1761 2756; baseline 0.001 -17"><span class='ocrx_word' id='word_1_172' title='bbox 196 2687 358 2755; x_wconf 85' lang='lat' dir='ltr'>nasii,</span> <span class='ocrx_word' id='word_1_173' title='bbox 398 2685 675 2740; x_wconf 88' lang='lat' dir='ltr'>Romanae</span> <span class='ocrx_word' id='word_1_174' title='bbox 715 2690 770 2740; x_wconf 81' lang='lat' dir='ltr'>et</span> <span class='ocrx_word' id='word_1_175' title='bbox 807 2685 1201 2740; x_wconf 88' lang='lat' dir='ltr'>Alexandrinae</span> <span class='ocrx_word' id='word_1_176' title='bbox 1240 2687 1388 2740; x_wconf 91' lang='lat' dir='ltr'>urbis</span> <span class='ocrx_word' id='word_1_177' title='bbox 1428 2688 1761 2756; x_wconf 86' lang='lat' dir='ltr'>pontificum.</span> 
     </span>
    </p>
   </div>
   <div class='ocr_carea' id='block_1_22' title="bbox 199 2845 1974 2973">
    <p class='ocr_par' dir='ltr' id='par_1_22' title="bbox 199 2830 1974 2973">
     <span class='ocr_line' id='line_1_34' title="bbox 319 2845 1882 2892; baseline 0.001 -3"><span class='ocrx_word' id='word_1_178' title='bbox 319 2849 373 2889; x_wconf 89' lang='lat'>10</span> <span class='ocrx_word' id='word_1_179' title='bbox 407 2846 593 2892; x_wconf 86' lang='lat' dir='ltr'>Bamb.:</span> <span class='ocrx_word' id='word_1_180' title='bbox 627 2845 795 2891; x_wconf 81' lang='lat' dir='ltr'>Sidites</span> <span class='ocrx_word' id='word_1_181' title='bbox 910 2851 963 2890; x_wconf 90' lang='lat'>11</span> <span class='ocrx_word' id='word_1_182' title='bbox 997 2847 1127 2892; x_wconf 82' lang='lat' dir='ltr'>Vat.:</span> <span class='ocrx_word' id='word_1_183' title='bbox 1160 2846 1332 2892; x_wconf 86' lang='lat' dir='ltr'>Bereae</span> <span class='ocrx_word' id='word_1_184' title='bbox 1446 2851 1502 2892; x_wconf 81' lang='lat'>26</span> <span class='ocrx_word' id='word_1_185' title='bbox 1536 2847 1717 2891; x_wconf 87' lang='lat' dir='ltr'>Bamb.:</span> <span class='ocrx_word' id='word_1_186' title='bbox 1751 2860 1882 2892; x_wconf 87' lang='lat' dir='ltr'>accu-</span> 
     </span>
     <span class='ocr_line' id='line_1_35' title="bbox 199 2905 1974 2973; baseline 0.002 -26"><span class='ocrx_word' id='word_1_187' title='bbox 199 2905 326 2947; x_wconf 82' lang='lat' dir='ltr'>satur</span> <span class='ocrx_word' id='word_1_188' title='bbox 443 2905 612 2951; x_wconf 87' lang='lat' dir='ltr'>Bamb:</span> <span class='ocrx_word' id='word_1_189' title='bbox 645 2905 726 2950; x_wconf 90' lang='lat' dir='ltr'>sed</span> <span class='ocrx_word' id='word_1_190' title='bbox 758 2905 1081 2973; x_wconf 87' lang='lat' dir='ltr'>communione</span> <span class='ocrx_word' id='word_1_191' title='bbox 1203 2906 1334 2952; x_wconf 80' lang='lat' dir='ltr'>Vat.:</span> <span class='ocrx_word' id='word_1_192' title='bbox 1367 2906 1602 2951; x_wconf 86' lang='lat' dir='ltr'>Anastasii</span> <span class='ocrx_word' id='word_1_193' title='bbox 1969 2907 1974 2942; x_wconf 72' lang='grc' dir='ltr'><strong>ἓ</strong></span> 
     </span>
    </p>
   </div>
  </div>
 </body>
</html>
