1974 3192
118 395 173 447 1:

115 470 176 521 9:

82 632 148 683 10

83 705 148 757 13

81 778 148 831 15

0 895 1 900 ,
77 852 174 913 20,;

77 926 148 978 23
164 945 175 977 :

77 999 173 1052 24:

76 1146 176 1200 25:

77 1222 172 1274 26:

78 1310 175 1363 27:

110 1949 146 2221 &mlh-N>

77 2244 140 2296 11

81 2393 176 2444 12:

76 2465 170 2518 15:

77 2540 171 2592 16:

78 2614 169 2665 17:

748 179 1082 222 -ΧΠ-

810 313 924 370 Pay.
959 317 1031 358 61.

215 391 324 463 (A.:
365 391 506 462 quod
546 388 801 460 quidem).

219 466 332 536 (V.:
387 462 761 534 exaemerum).
821 495 882 501 —
950 462 1060 532 (V.:
1115 461 1450 533 homoelias).
1512 492 1579 500 —-
1645 458 1755 531 (V.:

211 553 582 624 εταεκητικον.)

217 628 326 699 (V.:
366 629 573 682 brebes.
617 656 685 663 —-
724 622 1024 692 tractatos).

217 701 330 771 (V.:
372 702 783 769 Nanzanzenus3
822 699 910 751 A.:
949 695 1341 768 Nazanzenus).

217 776 324 845 (V.:
362 773 639 847 treginta).

215 850 326 919 (V.:
370 853 520 916 Ιρονα
560 844 1124 918 superiscripserunt.)

215 923 325 994 (V.:
365 927 635 978 exametro
674 918 965 990 versuum).

215 998 600 1052 disserentiam.
666 1027 730 1034 —
796 997 1063 1049 adversum
1107 995 1430 1048 Emwmmm
1484 996 1603 1048 libra·
1642 995 1753 1048 ·II·

213 1071 323 1142 (V.:
363 1073 530 1125 libros
571 1068 714 1141 duo).

218 1146 328 1217 (A.:
370 1149 424 1199 et
462 1145 525 1199 de
566 1142 798 1215 spiritu).
843 1175 903 1181 —
949 1144 1073 1197 liber
1111 1143 1188 1197 ·I·
1235 1143 1472 1197 Juliano.

212 1221 540 1290 imperatori.
589 1251 648 1258 -
696 1220 818 1272 liber
857 1218 933 1270 ·I·

213 1309 573 1363 Polimonium
621 1307 831 1361 dicendi
871 1325 1188 1373 χαρακτηρα.
1245 1339 1307 1345 ——
1361 1306 1473 1378 (A.:
1512 1307 1756 1360 Palamo-

207 1385 338 1436 nion
379 1383 587 1437 dicendi
626 1382 946 1436 charactere.
983 1413 1056 1420 —-
1105 1382 1192 1435 V.:
1239 1382 1546 1435 Polemonis
1584 1382 1640 1434 in
1680 1382 1755 1434 di-

213 1458 381 1511 cendo
429 1460 678 1510 caracter.
725 1487 796 1493 —
843 1455 926 1509 R:
981 1456 1354 1510 Polemonium
1407 1456 1627 1509 dicendo
1674 1474 1755 1508 ca-

207 1529 438 1602 ractera)
482 1532 856 1598 [Polemonium
894 1532 1092 1584 dicendi
1129 1531 1459 1597 charactera}
1492 1561 1551 1567 —
1580 1530 1755 1584 vivos-

212 1624 314 1676 que
355 1610 449 1659 est.
1041 1632 1047 1639 ··

161 1699 172 1732 ε
213 1680 492 1733 ordeuans,

161 1774 172 1807 ε
209 1756 371 1821 ferme
411 1753 521 1823 (V.:
560 1752 744 1823 foere).

802 1855 918 1912 Pay.
953 1859 1029 1901 62.

159 1966 170 1999 :
210 1946 471 1999 Arrianae
512 1944 615 2017 (sic
654 1964 883 2015 semper,
922 1948 983 1998 ut
1019 1945 1085 1999 V.
1126 1947 1373 2016 quoque).

159 2041 171 2074 :
210 2025 388 2074 extant
426 2019 555 2092 (V).
598 2051 660 2058 —-
706 2020 816 2090 (V.:
857 2019 1164 2091 solemnes).

207 2094 520 2148 tharsensis.
558 2126 618 2133 —-
663 2094 990 2147 Anciochiae
1030 2093 1141 2165 (V.:
1182 2094 1525 2164 anthiociae).

209 2167 319 2238 (V.:
357 2167 646 2240 presbiter)
687 2173 864 2222 extant
901 2166 1027 2239 (V.).
1072 2200 1137 2207 —
1179 2167 1288 2239 (V.:
1329 2168 1680 2240 apostulum).

209 2243 461 2296 himesini
499 2242 610 2313 (V.:
651 2240 912 2314 emesini).
952 2274 1023 2281 —
1071 2246 1394 2296 caracterem
1435 2242 1564 2314 (Vm)
1642 2244 1755 2314 (V.:

204 2317 551 2386 penetentia).

215 2391 427 2443 imitare
468 2389 556 2461 (cf.
595 2390 747 2444 Neue
771 2390 1038 2444 Formenl.
1065 2391 1111 2443 d.
1145 2391 1178 2444 1.
1212 2390 1328 2461 Spr.
1353 2391 1422 2462 H,
1461 2410 1583 2462 pag.
1608 2391 1755 2464 291).

210 2482 505 2534 cyzncenus
547 2463 659 2535 (V.:
700 2465 1037 2535 cyzycenus).

213 2558 366 2591 suam
405 2557 777 2608 prorumpens,

207 2613 443 2665 fateatur
490 2611 601 2683 (A.:
657 2631 783 2666 suae
837 2631 1189 2682 prorumpens
1245 2614 1454 2682 blasph.
1499 2617 1560 2667 ut
1613 2616 1754 2683 quod

209 2686 300 2739 alii
337 2690 555 2756 tegunt,
595 2688 697 2740 iste
736 2687 884 2756 publ.
922 2687 1193 2741 fateretur.
1238 2719 1299 2726 -
1343 2688 1430 2742 V.:
1471 2707 1596 2741 suae
1635 2708 1753 2757 pro-

205 2761 352 2829 rupit
374 2761 764 2830 blasphemiam
788 2764 849 2813 ut
866 2762 1007 2830 quod
1030 2762 1110 2814 illi
1133 2765 1328 2832 tegunt
1348 2763 1485 2815 istae
1508 2763 1752 2831 publicae

204 2833 487 2906 fateretur)
531 2837 672 2902 [suae
700 2852 1042 2903 prorumpens
1079 2836 1465 2905 blasphemiam,
1502 2841 1580 2905 ut,
1619 2839 1755 2903 quod

203 2908 286 2961 illi
323 2912 518 2978 tqqzmt,
562 2910 656 2964 iste
691 2909 893 2978 publice
926 2910 1177 2980 famam,
1221 2927 1377 2978 usque
1413 2911 1557 2967 hodie
1596 2953 1608 2966 .
1648 2953 1659 2965 .
1699 2915 1750 2981 .].
