1974 3192
771 177 1134 230 „57-

113 289 301 361 nopoli
354 293 687 361 porrexerat,
741 295 796 346 et
849 294 984 348 alius
1041 294 1126 347 ‘in
1175 293 1579 348 Constantium'
1637 314 1795 365 quem

111 368 239 432 post
275 364 505 417 mortem
545 365 659 418 eius
702 367 939 437 scripsit,
988 370 1042 421 et
1078 369 1215 422 liber
1255 367 1558 421 ‘adversum
1597 368 1794 423 Valen-

108 445 220 494 tem
259 442 313 492 et
342 438 661 506 Ursacium',
698 440 983 494 historiam
1014 441 1374 495 Ariminensis
1407 445 1461 494 et
1494 440 1795 495 Seleucien-

115 515 188 567 sis
239 512 431 583 synodi
479 513 781 582 continens,
836 516 890 566 et
937 514 1032 567 ead
1077 515 1408 583 praefectum
1454 514 1793 568 Sallustium'

116 588 227 640 sive
267 587 483 640 ‘contra
521 585 885 656 Dioscurum',
932 591 986 640 et
1025 587 1187 641 ‘liber
1224 588 1550 657 hymnorum
1591 592 1644 642 et
1682 608 1793 658 my·
1827 602 1853 641 5

115 659 432 714 steriorum'
474 660 610 712 alius
621 702 635 727 ‚
690 664 744 713 et
783 661 1184 714 ‘commentarii
1227 662 1286 714 in
1323 661 1702 727 Matthaeum'‚
1743 666 1796 714 et

118 734 401 788 ‘tractatus
434 733 492 786 in
515 732 652 801 Iob',
692 751 826 802 quos
866 734 930 786 de
963 751 1156 804 graeco
1182 733 1431 804 Origenis
1472 735 1539 787 ad
1579 753 1795 788 sensum

116 808 421 876 transtulit,
454 810 507 859 et
539 806 676 859 alius
710 807 928 877 elegans
958 807 1173 860 libellus
1200 807 1406 860 econtra
1429 809 1794 878 Auxentium'‚

115 885 169 934 et
221 881 518 934 nonnullae
575 879 643 933 ad
701 880 941 934 diversos
998 881 1274 950 epistulae.
1357 881 1530 933 Aiunt
1577 883 1794 951 quidam

111 954 387 1024 scripsisse
428 972 549 1007 eum
588 954 647 1006 in
691 952 973 1007 Canticum
1014 952 1383 1022 Canticorum,
1428 955 1520 1007 sed
1560 973 1591 1007 a
1636 956 1794 1008 nobis
1829 970 1883 1009 10

105 1029 207 1082 hoc
247 1046 381 1097 opus
420 1028 716 1097 ignoratur.
1270 1027 1274 1032 '

253 1101 498 1155 Mortuus
563 1103 646 1154 est
707 1101 947 1155 Pictavis
1002 1101 1390 1155 Valentiniano
1456 1104 1510 1154 et
1565 1101 1794 1155 Valente

107 1175 475 1246 regnantibus

809 1252 944 1327 Cap.
1000 1253 1095 1310 01.

254 1366 590 1436 VictorinuS,
628 1367 850 1420 natione
889 1366 1047 1434 Afer,
1085 1365 1291 1419 Romae
1334 1367 1433 1419 sub
1474 1365 1791 1420 Constantio
1828 1381 1880 1420 15

101 1440 342 1510 principe
387 1439 713 1493 rhetoricam
770 1441 951 1494 docuit
1013 1443 1067 1492 et
1113 1440 1171 1491 in
1229 1442 1468 1492 extrema
1520 1443 1791 1493 senectute

105 1513 311 1568 Christi
359 1532 414 1567 se
461 1515 680 1567 tradens
719 1515 844 1567 fidei
885 1514 1102 1582 scripsit
1142 1512 1426 1567 ‘adversus
1471 1512 1687 1566 Arium'
1727 1513 1792 1565 li-

107 1588 234 1641 bros
274 1606 422 1640 more
462 1587 741 1642 dialectico
781 1588 935 1641 valde
973 1588 1253 1656 obscurOS,
1293 1588 1384 1656 qui
1423 1588 1529 1640 nisi
1569 1588 1635 1640 ab
1677 1605 1790 1640 eru-

110 1662 236 1715 ditis
267 1679 380 1715 non
411 1661 802 1732 intelliguntur,
827 1664 882 1714 et
906 1662 1320 1715 commentarios
1348 1661 1424 1714 ‘in
1449 1660 1788 1730 apostolum'.

753 1840 755 1842 -
790 1798 925 1873 Cap.
982 1797 1115 1856 GH.
1822 1813 1877 1852 :zo

252 1911 429 1982 Titus,
477 1911 786 1966 Bostrensis
835 1913 1139 1982 episcopm,
1195 1912 1293 1964 sub
1340 1911 1547 1965 Iuliano
1606 1916 1660 1966 et
1705 1912 1787 1965 Io-

109 1987 266 2040 viano
305 1986 639 2055 principibus
680 1985 847 2039 fortes
884 1986 1168 2039 adversum
1192 1984 1538 2039 Manichaeos
1573 1986 1789 2055 scripsit

98 2060 266 2114 libros
305 2062 359 2113 et
395 2060 660 2114 nonnulla
699 2060 821 2112 alia.
894 2059 1126 2113 Moritur
1164 2060 1263 2112 sub
1304 2059 1549 2113 Valente.

767 2196 903 2272 cap.
959 2197 1131 2255 0111.

254 2308 546 2380 DamasuS‚
591 2310 868 2364 Romanae
915 2311 1063 2365 urbis
1112 2312 1419 2381 episcopm,
1474 2313 1690 2381 elegans
1729 2312 1786 2364 in
1819 2328 1874 2368 25

101 2383 344 2436 versibus
399 2383 785 2452 componendis
838 2384 1112 2454 ingenium
1165 2385 1357 2439 habuit
1404 2386 1677 2455 multaque
1734 2389 1787 2438 et

100 2456 284 2510 brevia
325 2458 580 2526 opuscula
625 2458 840 2511 heroico
890 2461 1062 2511 metro
1119 2459 1284 2512 edidit
1333 2462 1387 2511 et
1435 2477 1601 2529 prope
1641 2462 1784 2512 octo-

101 2531 356 2600 genarius
397 2531 496 2583 sub
536 2530 842 2585 Theodosio
882 2532 1127 2601 principe
1165 2535 1409 2586 mortuus
1450 2535 1543 2586 est.

770 2667 905 2742 cap.
961 2667 1118 2726 CIV.

249 2780 642 2851 ApollinariuS,
690 2781 1022 2836 Laodicenus
1073 2780 1260 2852 Syriae
1309 2783 1591 2852 episcopus
1631 2785 1782 2852 patre
1815 2797 1872 2836 30

215 2885 243 2924 3
278 2880 462 2926 Bamb.:
496 2882 702 2927 Seleucis
825 2888 882 2927 30
914 2883 1099 2928 Bamb.:
1132 2882 1414 2940 Apollinaris
