1974 3192
125 605 152 644 ὅ

98 1137 154 1177 10

105 1504 158 1542 15

98 1873 157 1912 20

100 2242 156 2280 25

102 2615 159 2654 30

845 184 1206 236 -96-

183 302 320 369 cipio
372 301 500 353 libri
545 318 712 368 usque
762 299 829 352 ad
877 299 1083 352 obitum
1130 300 1470 368 patriarchae
1517 299 1770 352 Abrahae
1809 303 1867 352 et

182 378 292 427 tres
325 391 483 426 versu
515 373 680 426 edidit
709 372 877 425 libros
904 371 1211 426 Christiano
1246 372 1458 441 quidem
1490 376 1545 426 et
1573 373 1664 442 pio
1691 391 1865 442 senSU,

186 447 276 500 sed
310 449 496 515 utpote
530 447 790 499 saeculari
820 446 1122 499 litteratura
1155 449 1445 515 occupatus
1475 446 1640 500 homo
1673 450 1727 499 et
1748 447 1866 499 nul-

183 522 288 573 lius
327 520 642 589 magisterio
681 520 738 572 in
777 519 970 573 divinis
1006 520 1283 588 scripturis
1318 520 1664 588 exercitatae,
1703 521 1867 575 levio-

184 595 258 647 ris
297 593 546 662 ponderis
587 594 912 646 sententiam
950 593 1215 663 figuravit.
1293 592 1526 646 Moritur
1563 592 1866 647 Theodosio

186 671 238 720 et
276 666 664 720 Valentiniano
703 667 1073 738 regnantibus.

830 846 965 921 Cap.
1013 845 1228 904 LXII.

335 974 628 1030 Cassianus
677 975 896 1028 natione
944 974 1146 1044 Scytha
1194 973 1666 1045 Constantinopoli
1714 994 1746 1028 a
1789 975 1870 1029 Io-

187 1051 367 1105 hanne
406 1049 607 1119 Magno
650 1050 901 1119 episcopo
942 1049 1198 1102 diaconus
1240 1049 1517 1102 ordinatus
1559 1049 1700 1118 apud
1730 1048 1871 1103 Mas-

187 1125 368 1178 siliam
406 1124 691 1192 presbyter
730 1123 971 1176 condidit
1011 1123 1116 1175 duo
1155 1124 1504 1192 monasteria,
1551 1123 1606 1175 id
1645 1126 1747 1191 est,
1797 1124 1872 1177 vi-

186 1216 369 1251 rorum
409 1216 470 1250 ac
510 1197 818 1266 mulierum,
858 1214 993 1265 quae
1032 1213 1201 1266 usque
1239 1195 1398 1249 hodie
1431 1199 1659 1250 exstant.
1735 1195 1872 1266 Scri-

185 1273 296 1342 psit
343 1271 670 1340 experientia
716 1271 1094 1340 magistrante,
1151 1270 1347 1322 librato
1397 1288 1665 1340 sermone,
1713 1273 1768 1323 et
1813 1273 1874 1324 ut

188 1346 424 1415 apertius
490 1344 689 1413 dicam,
759 1363 918 1397 sensu
980 1343 1145 1396 verba
1205 1344 1484 1397 inveniens
1548 1347 1601 1396 et
1663 1344 1873 1399 actione

186 1421 436 1490 linguam
475 1437 696 1472 movens
736 1436 821 1471 res
861 1417 1102 1471 omnium
1133 1417 1519 1471 monachorum
1552 1418 1873 1487 professioni

190 1492 544 1560 necessariaS,
582 1492 637 1544 id
678 1495 781 1544 est:
834 1491 917 1544 ((16
957 1491 1147 1544 habitu
1186 1490 1456 1544 monachi'
1497 1494 1551 1545 et
1591 1491 1673 1544 ((16
1714 1510 1871 1545 cano-

186 1568 310 1620 nica
349 1565 609 1620 oratione'
651 1569 810 1635 atque
851 1565 1203 1634 ‘psalmorum
1241 1564 1421 1618 modo'
1463 1565 1554 1634 qui
1592 1566 1649 1618 in
1689 1584 1873 1619 mona-

188 1641 364 1694 steriis
404 1639 641 1709 Aegypti
688 1639 792 1695 die,
818 1641 1088 1708 noctuque
1126 1642 1355 1706 tenetur,
1394 1639 1560 1692 libros
1604 1642 1873 1710 quattuor,

188 1712 627 1767 einstitutionum'
667 1714 866 1766 librum
910 1732 1099 1781 unum,
1140 1712 1223 1765 ((16
1272 1713 1478 1783 origine
1525 1716 1579 1766 et
1617 1713 1873 1783 qualitate

189 1807 251 1842 ac
301 1788 551 1840 remediis
600 1791 719 1840 octo
775 1787 1154 1856 principalium
1201 1786 1474 1840 vitiorum'
1514 1787 1682 1840 libros
1724 1787 1876 1856 VIII,

191 1862 433 1932 singulas
491 1862 696 1915 scilicet
752 1861 815 1913 de
869 1861 1099 1930 singulis
1147 1861 1290 1913 vitiis
1340 1861 1506 1913 libros
1563 1861 1875 1929 expediens;

189 1936 416 2004 digessit
455 1936 618 1988 etiam
659 1934 996 1988 ‘collationes
1030 1953 1150 1988 cum
1181 1934 1428 2003 patribus
1454 1934 1742 2004 Aegyptiis
1781 1935 1876 1988 ha-

188 2009 368 2078 bitas',
406 2009 510 2062 hoc
557 2011 661 2076 est,
701 2008 785 2061 ede
825 2009 1182 2062 destinatione
1223 2008 1473 2061 monachi
1513 2027 1573 2062 ac
1612 2007 1750 2077 fide',
1791 2008 1874 2062 ((16

188 2082 545 2151 discretione',
586 2083 676 2136 ((16
725 2083 898 2136 tribus
947 2083 1015 2135 ad
1054 2082 1387 2135 serviendum
1425 2081 1540 2135 Deo
1580 2083 1874 2135 vocationi-

187 2156 327 2225 bus',
366 2156 450 2208 ((16
496 2174 682 2226 pugna
728 2157 900 2210 carnis
953 2156 1235 2209 adversum
1275 2156 1523 2224 spiritum
1562 2159 1615 2208 et
1655 2156 1890 2225 spiritus·

192 2230 444 2284 adversus
491 2229 744 2300 carnem',
793 2230 876 2283 ((16
924 2233 1119 2283 natura
1167 2231 1410 2282 omnium
1456 2229 1745 2299 vitiorum',
1793 2229 1876 2282 ((16

189 2322 318 2357 nece
359 2303 704 2372 sanctorum',
746 2304 828 2356 ((16
868 2305 1169 2357 mobilitate
1211 2304 1454 2371 animae’,
1494 2302 1577 2356 ((16
1608 2304 1876 2372 principa-

188 2377 367 2446 libus',
407 2377 490 2430 ‘de
538 2379 796 2447 qualitate
844 2377 1139 2446 orationis',
1180 2378 1261 2430 ‘de
1307 2377 1535 2448 iugitate
1583 2376 1877 2447 orationis',

190 2451 274 2503 ((16
321 2451 606 2521 perfectis',
647 2452 731 2505 ‘de
778 2451 1059 2521 castitate',
1101 2451 1184 2504 ((16
1229 2452 1563 2521 protectione
1614 2450 1751 2516 Dei',
1791 2451 1874 2503 ((16

191 2526 414 2579 scientia
463 2525 727 2594 spiritali',
769 2525 851 2578 ((16
891 2526 1086 2579 divinis
1137 2524 1584 2592 charismatibus',
1625 2524 1707 2578 ((16
1748 2526 1874 2577 ami-

192 2599 351 2668 citia',
399 2599 482 2651 ‘de
537 2600 832 2652 definiendo
889 2601 972 2653 vel
1026 2618 1139 2653 non
1186 2599 1520 2669 definiendo',
1569 2599 1650 2652 ((16
1700 2600 1874 2652 tribus

194 2674 430 2742 antiquis
458 2674 743 2743 generibus
767 2674 1156 2728 monachorum
1181 2676 1235 2726 et
1253 2677 1443 2744 quarto
1469 2691 1638 2741 nuper
1655 2672 1877 2742 exorto',

309 2838 335 2877 8
369 2832 530 2878 Bamb.
565 2835 612 2878 et
642 2833 798 2878 Bem:
838 2835 975 2878 natus
1009 2834 1142 2878 Serta
1283 2838 1334 2877 17
1368 2832 1524 2877 Bern.:
1564 2832 1621 2876 de
1655 2832 1875 2877 canonico

192 2892 451 2936 orationum
483 2893 620 2937 modo
653 2896 793 2950 atque
817 2893 1124 2949 psalmorum,
1151 2893 1230 2949 qui
1252 2927 1260 2937 .
1287 2927 1323 2938 ..
1350 2894 1534 2937 tenetur
