<?xml version="1.0" encoding="UTF-8"?>
<!DOCTYPE html PUBLIC "-//W3C//DTD XHTML 1.0 Transitional//EN"
    "http://www.w3.org/TR/xhtml1/DTD/xhtml1-transitional.dtd">
<html xmlns="http://www.w3.org/1999/xhtml" xml:lang="en" lang="en">
 <head>
  <title>
</title>
<meta http-equiv="Content-Type" content="text/html;charset=utf-8" />
  <meta name='ocr-system' content='tesseract 3.04.00' />
  <meta name='ocr-capabilities' content='ocr_page ocr_carea ocr_par ocr_line ocrx_word'/>
</head>
<body>
  <div class='ocr_page' id='page_1' title='image "./devirisinlustrib00jerouoft_0102.png"; bbox 0 0 1974 3192; ppageno 0'>
   <div class='ocr_carea' id='block_1_1' title="bbox 857 199 1217 252">
    <p class='ocr_par' dir='ltr' id='par_1_1' title="bbox 857 199 1217 252">
     <span class='ocr_line' id='line_1_1' title="bbox 857 199 1217 252; baseline -0.006 -14"><span class='ocrx_word' id='word_1_1' title='bbox 857 199 1217 252; x_wconf 74' lang='lat'>—54-</span> 
     </span>
    </p>
   </div>
   <div class='ocr_carea' id='block_1_2' title="bbox 195 313 1880 458">
    <p class='ocr_par' dir='ltr' id='par_1_2' title="bbox 195 313 1880 458">
     <span class='ocr_line' id='line_1_2' title="bbox 196 313 1876 388; baseline -0.001 -18"><span class='ocrx_word' id='word_1_2' title='bbox 196 319 407 388; x_wconf 81' lang='lat' dir='ltr'>gent-iae</span> <span class='ocrx_word' id='word_1_3' title='bbox 455 316 622 369; x_wconf 90' lang='lat' dir='ltr'>edidit</span> <span class='ocrx_word' id='word_1_4' title='bbox 667 317 765 368; x_wconf 88' lang='lat' dir='ltr'>sub</span> <span class='ocrx_word' id='word_1_5' title='bbox 805 313 1128 369; x_wconf 84' lang='lat' dir='ltr'>Constantio</span> <span class='ocrx_word' id='word_1_6' title='bbox 1177 316 1418 384; x_wconf 82' lang='lat' dir='ltr'>principe</span> <span class='ocrx_word' id='word_1_7' title='bbox 1467 316 1876 370; x_wconf 72' lang='lat' dir='ltr'>commentarios</span> 
     </span>
     <span class='ocr_line' id='line_1_3' title="bbox 195 387 1880 458; baseline -0.001 -15"><span class='ocrx_word' id='word_1_8' title='bbox 195 392 254 443; x_wconf 93' lang='lat' dir='ltr'>in</span> <span class='ocrx_word' id='word_1_9' title='bbox 307 390 644 442; x_wconf 90' lang='lat' dir='ltr'>Matthaeum</span> <span class='ocrx_word' id='word_1_10' title='bbox 699 392 753 442; x_wconf 88' lang='lat' dir='ltr'>et</span> <span class='ocrx_word' id='word_1_11' title='bbox 795 387 1096 441; x_wconf 84' lang='lat' dir='ltr'>Iohannem</span> <span class='ocrx_word' id='word_1_12' title='bbox 1150 393 1204 441; x_wconf 94' lang='lat' dir='ltr'>et</span> <span class='ocrx_word' id='word_1_13' title='bbox 1256 389 1314 441; x_wconf 92' lang='lat' dir='ltr'>in</span> <span class='ocrx_word' id='word_1_14' title='bbox 1363 390 1666 458; x_wconf 89' lang='lat' dir='ltr'>apostolum</span> <span class='ocrx_word' id='word_1_15' title='bbox 1722 393 1777 442; x_wconf 87' lang='lat' dir='ltr'>et</span> <span class='ocrx_word' id='word_1_16' title='bbox 1821 391 1880 442; x_wconf 92' lang='lat' dir='ltr'>in</span> 
     </span>
    </p>
   </div>
   <div class='ocr_carea' id='block_1_3' title="bbox 193 463 1217 614">
    <p class='ocr_par' dir='ltr' id='par_1_3' title="bbox 193 463 1217 614">
     <span class='ocr_line' id='line_1_4' title="bbox 193 463 524 532; baseline -0.003 -16"><span class='ocrx_word' id='word_1_17' title='bbox 193 463 524 532; x_wconf 77' lang='lat' dir='ltr'>psalterium.</span> 
     </span>
     <span class='ocr_line' id='line_1_5' title="bbox 866 538 1217 614; baseline -0.003 -17"><span class='ocrx_word' id='word_1_18' title='bbox 866 539 1001 614; x_wconf 71' lang='lat' dir='ltr'>Cap.</span> <span class='ocrx_word' id='word_1_19' title='bbox 1053 538 1217 596; x_wconf 83' lang='lat' dir='ltr'>XCI.</span> 
     </span>
    </p>
   </div>
   <div class='ocr_carea' id='block_1_4' title="bbox 108 652 1883 1310">
    <p class='ocr_par' dir='ltr' id='par_1_4' title="bbox 136 652 1883 1017">
     <span class='ocr_line' id='line_1_6' title="bbox 136 652 1880 723; baseline 0.001 -17"><span class='ocrx_word' id='word_1_20' title='bbox 136 666 161 706; x_wconf 86' lang='lat'>5</span> <span class='ocrx_word' id='word_1_21' title='bbox 341 653 610 706; x_wconf 84' lang='lat' dir='ltr'>Eusebius</span> <span class='ocrx_word' id='word_1_22' title='bbox 641 652 952 721; x_wconf 78' lang='lat' dir='ltr'>EmisenUS,</span> <span class='ocrx_word' id='word_1_23' title='bbox 993 652 1255 723; x_wconf 85' lang='lat' dir='ltr'>elegantis</span> <span class='ocrx_word' id='word_1_24' title='bbox 1296 655 1349 705; x_wconf 89' lang='lat' dir='ltr'>et</span> <span class='ocrx_word' id='word_1_25' title='bbox 1379 652 1635 706; x_wconf 90' lang='lat' dir='ltr'>rhetorici</span> <span class='ocrx_word' id='word_1_26' title='bbox 1674 654 1880 723; x_wconf 87' lang='lat' dir='ltr'>ingenii</span> 
     </span>
     <span class='ocr_line' id='line_1_7' title="bbox 193 726 1881 795; baseline 0.001 -16"><span class='ocrx_word' id='word_1_27' title='bbox 193 727 611 780; x_wconf 89' lang='lat' dir='ltr'>innumerabiles</span> <span class='ocrx_word' id='word_1_28' title='bbox 664 730 719 779; x_wconf 90' lang='lat' dir='ltr'>et</span> <span class='ocrx_word' id='word_1_29' title='bbox 771 728 861 795; x_wconf 91' lang='lat' dir='ltr'>qui</span> <span class='ocrx_word' id='word_1_30' title='bbox 912 727 979 779; x_wconf 91' lang='lat' dir='ltr'>ad</span> <span class='ocrx_word' id='word_1_31' title='bbox 1028 727 1279 795; x_wconf 87' lang='lat' dir='ltr'>plausum</span> <span class='ocrx_word' id='word_1_32' title='bbox 1329 726 1513 794; x_wconf 90' lang='lat' dir='ltr'>populi</span> <span class='ocrx_word' id='word_1_33' title='bbox 1573 728 1881 795; x_wconf 88' lang='lat' dir='ltr'>pertineant</span> 
     </span>
     <span class='ocr_line' id='line_1_8' title="bbox 194 800 1879 870; baseline 0 -16"><span class='ocrx_word' id='word_1_34' title='bbox 194 800 425 854; x_wconf 76' lang='lat' dir='ltr'>confecit</span> <span class='ocrx_word' id='word_1_35' title='bbox 480 800 672 869; x_wconf 80' lang='lat' dir='ltr'>libros,</span> <span class='ocrx_word' id='word_1_36' title='bbox 726 801 1006 870; x_wconf 83' lang='lat' dir='ltr'>magisque</span> <span class='ocrx_word' id='word_1_37' title='bbox 1064 800 1348 852; x_wconf 71' lang='lat' dir='ltr'>historiam</span> <span class='ocrx_word' id='word_1_38' title='bbox 1395 802 1608 852; x_wconf 88' lang='lat' dir='ltr'>secutus</span> <span class='ocrx_word' id='word_1_39' title='bbox 1671 801 1738 853; x_wconf 90' lang='lat' dir='ltr'>ab</span> <span class='ocrx_word' id='word_1_40' title='bbox 1793 801 1879 854; x_wconf 92' lang='lat' dir='ltr'>his</span> 
     </span>
     <span class='ocr_line' id='line_1_9' title="bbox 194 873 1879 943; baseline 0 -16"><span class='ocrx_word' id='word_1_41' title='bbox 194 875 285 943; x_wconf 92' lang='lat' dir='ltr'>qui</span> <span class='ocrx_word' id='word_1_42' title='bbox 323 874 623 927; x_wconf 86' lang='lat' dir='ltr'>declamare</span> <span class='ocrx_word' id='word_1_43' title='bbox 663 875 874 942; x_wconf 89' lang='lat' dir='ltr'>volunt,</span> <span class='ocrx_word' id='word_1_44' title='bbox 915 874 1306 927; x_wconf 86' lang='lat' dir='ltr'>studiosissime</span> <span class='ocrx_word' id='word_1_45' title='bbox 1344 873 1566 942; x_wconf 83' lang='lat' dir='ltr'>legitur3</span> <span class='ocrx_word' id='word_1_46' title='bbox 1615 891 1643 925; x_wconf 90' lang='lat' dir='ltr'>e</span> <span class='ocrx_word' id='word_1_47' title='bbox 1683 874 1879 943; x_wconf 90' lang='lat' dir='ltr'>quibus</span> 
     </span>
     <span class='ocr_line' id='line_1_10' title="bbox 194 946 1883 1017; baseline 0 -17"><span class='ocrx_word' id='word_1_48' title='bbox 194 948 280 1000; x_wconf 85' lang='lat' dir='ltr'>vel</span> <span class='ocrx_word' id='word_1_49' title='bbox 326 949 602 1016; x_wconf 88' lang='lat' dir='ltr'>praecipui</span> <span class='ocrx_word' id='word_1_50' title='bbox 651 951 778 1000; x_wconf 89' lang='lat' dir='ltr'>sunt</span> <span class='ocrx_word' id='word_1_51' title='bbox 825 947 1128 1000; x_wconf 72' lang='lat' dir='ltr'>‘adversum</span> <span class='ocrx_word' id='word_1_52' title='bbox 1175 946 1402 999; x_wconf 86' lang='lat' dir='ltr'>Iudaeos</span> <span class='ocrx_word' id='word_1_53' title='bbox 1450 951 1503 999; x_wconf 90' lang='lat' dir='ltr'>et</span> <span class='ocrx_word' id='word_1_54' title='bbox 1550 948 1777 1017; x_wconf 84' lang='lat' dir='ltr'>gentiles</span> <span class='ocrx_word' id='word_1_55' title='bbox 1828 952 1883 1000; x_wconf 88' lang='lat' dir='ltr'>et</span> 
     </span>
    </p>

    <p class='ocr_par' dir='ltr' id='par_1_5' title="bbox 108 1020 1879 1310">
     <span class='ocr_line' id='line_1_11' title="bbox 108 1020 1879 1075; baseline 0.001 -2"><span class='ocrx_word' id='word_1_56' title='bbox 108 1034 163 1074; x_wconf 90' lang='lat'>10</span> <span class='ocrx_word' id='word_1_57' title='bbox 194 1020 556 1075; x_wconf 86' lang='lat' dir='ltr'>Novatianos’</span> <span class='ocrx_word' id='word_1_58' title='bbox 606 1024 660 1074; x_wconf 93' lang='lat' dir='ltr'>et</span> <span class='ocrx_word' id='word_1_59' title='bbox 700 1021 795 1074; x_wconf 76' lang='lat' dir='ltr'>ead</span> <span class='ocrx_word' id='word_1_60' title='bbox 834 1020 1085 1073; x_wconf 79' lang='lat' dir='ltr'>Galatas&#39;</span> <span class='ocrx_word' id='word_1_61' title='bbox 1124 1021 1249 1073; x_wconf 90' lang='lat' dir='ltr'>libri</span> <span class='ocrx_word' id='word_1_62' title='bbox 1289 1020 1471 1073; x_wconf 90' lang='lat' dir='ltr'>decem</span> <span class='ocrx_word' id='word_1_63' title='bbox 1511 1026 1565 1073; x_wconf 92' lang='lat' dir='ltr'>et</span> <span class='ocrx_word' id='word_1_64' title='bbox 1605 1020 1681 1073; x_wconf 74' lang='lat' dir='ltr'>‘in</span> <span class='ocrx_word' id='word_1_65' title='bbox 1720 1039 1879 1074; x_wconf 84' lang='lat' dir='ltr'>evan-</span> 
     </span>
     <span class='ocr_line' id='line_1_12' title="bbox 192 1093 1879 1164; baseline 0 -17"><span class='ocrx_word' id='word_1_66' title='bbox 192 1095 336 1164; x_wconf 89' lang='lat' dir='ltr'>gelia</span> <span class='ocrx_word' id='word_1_67' title='bbox 372 1094 648 1148; x_wconf 89' lang='lat' dir='ltr'>homiliae&#39;</span> <span class='ocrx_word' id='word_1_68' title='bbox 689 1095 874 1147; x_wconf 86' lang='lat' dir='ltr'>breves</span> <span class='ocrx_word' id='word_1_69' title='bbox 883 1135 898 1162; x_wconf 86' lang='lat'><em>,</em></span> <span class='ocrx_word' id='word_1_70' title='bbox 940 1095 1033 1147; x_wconf 88' lang='lat' dir='ltr'>sed</span> <span class='ocrx_word' id='word_1_71' title='bbox 1071 1094 1348 1162; x_wconf 87' lang='lat' dir='ltr'>plurimae.</span> <span class='ocrx_word' id='word_1_72' title='bbox 1425 1093 1636 1147; x_wconf 86' lang='lat' dir='ltr'>Floruit</span> <span class='ocrx_word' id='word_1_73' title='bbox 1673 1099 1879 1164; x_wconf 88' lang='lat' dir='ltr'>tempo-</span> 
     </span>
     <span class='ocr_line' id='line_1_13' title="bbox 190 1167 1879 1238; baseline 0 -18"><span class='ocrx_word' id='word_1_74' title='bbox 190 1169 339 1221; x_wconf 89' lang='lat' dir='ltr'>ribus</span> <span class='ocrx_word' id='word_1_75' title='bbox 365 1167 673 1221; x_wconf 83' lang='lat' dir='ltr'>Constantii</span> <span class='ocrx_word' id='word_1_76' title='bbox 705 1168 1049 1235; x_wconf 90' lang='lat' dir='ltr'>imperatoris</span> <span class='ocrx_word' id='word_1_77' title='bbox 1060 1209 1074 1234; x_wconf 94' lang='lat'>‚</span> <span class='ocrx_word' id='word_1_78' title='bbox 1107 1168 1205 1220; x_wconf 91' lang='lat' dir='ltr'>sub</span> <span class='ocrx_word' id='word_1_79' title='bbox 1240 1185 1344 1236; x_wconf 89' lang='lat' dir='ltr'>quo</span> <span class='ocrx_word' id='word_1_80' title='bbox 1386 1171 1439 1220; x_wconf 89' lang='lat' dir='ltr'>et</span> <span class='ocrx_word' id='word_1_81' title='bbox 1470 1171 1730 1238; x_wconf 64' lang='lat' dir='ltr'>mortum,</span> <span class='ocrx_word' id='word_1_82' title='bbox 1767 1167 1879 1220; x_wconf 91' lang='lat' dir='ltr'>An-</span> 
     </span>
     <span class='ocr_line' id='line_1_14' title="bbox 191 1241 843 1310; baseline 0 -17"><span class='ocrx_word' id='word_1_83' title='bbox 191 1241 422 1294; x_wconf 90' lang='lat' dir='ltr'>tiochiae</span> <span class='ocrx_word' id='word_1_84' title='bbox 464 1243 705 1310; x_wconf 90' lang='lat' dir='ltr'>sepultus</span> <span class='ocrx_word' id='word_1_85' title='bbox 746 1244 843 1293; x_wconf 87' lang='lat' dir='ltr'>est.</span> 
     </span>
    </p>
   </div>
   <div class='ocr_carea' id='block_1_5' title="bbox 849 1375 1242 1450">
    <p class='ocr_par' dir='ltr' id='par_1_6' title="bbox 849 1375 1242 1450">
     <span class='ocr_line' id='line_1_15' title="bbox 849 1375 1242 1450; baseline -0.003 -16"><span class='ocrx_word' id='word_1_86' title='bbox 849 1376 985 1450; x_wconf 71' lang='lat' dir='ltr'>Gap.</span> <span class='ocrx_word' id='word_1_87' title='bbox 1039 1375 1242 1433; x_wconf 76' lang='lat' dir='ltr'><strong><em>XCII.</em></strong></span> 
     </span>
    </p>
   </div>
   <div class='ocr_carea' id='block_1_6' title="bbox 107 1487 1880 1854">
    <p class='ocr_par' dir='ltr' id='par_1_7' title="bbox 107 1487 1880 1854">
     <span class='ocr_line' id='line_1_16' title="bbox 107 1487 1880 1559; baseline -0.001 -15"><span class='ocrx_word' id='word_1_88' title='bbox 107 1505 160 1544; x_wconf 84' lang='lat'>15</span> <span class='ocrx_word' id='word_1_89' title='bbox 341 1489 676 1559; x_wconf 81' lang='lat' dir='ltr'>Triphylius‚</span> <span class='ocrx_word' id='word_1_90' title='bbox 716 1487 882 1558; x_wconf 84' lang='lat' dir='ltr'>Cypri</span> <span class='ocrx_word' id='word_1_91' title='bbox 919 1489 1206 1542; x_wconf 89' lang='lat' dir='ltr'>Ledrensis</span> <span class='ocrx_word' id='word_1_92' title='bbox 1247 1490 1357 1543; x_wconf 89' lang='lat' dir='ltr'>sive</span> <span class='ocrx_word' id='word_1_93' title='bbox 1388 1489 1734 1543; x_wconf 90' lang='lat' dir='ltr'>Leucotheon</span> <span class='ocrx_word' id='word_1_94' title='bbox 1772 1491 1880 1558; x_wconf 89' lang='lat' dir='ltr'>epi-</span> 
     </span>
     <span class='ocr_line' id='line_1_17' title="bbox 193 1561 1878 1633; baseline 0 -17"><span class='ocrx_word' id='word_1_95' title='bbox 193 1581 412 1632; x_wconf 81' lang='lat' dir='ltr'>scopuS,</span> <span class='ocrx_word' id='word_1_96' title='bbox 453 1564 923 1633; x_wconf 88' lang='lat' dir='ltr'>eloquentissimus</span> <span class='ocrx_word' id='word_1_97' title='bbox 965 1582 1093 1616; x_wconf 92' lang='lat' dir='ltr'>suae</span> <span class='ocrx_word' id='word_1_98' title='bbox 1133 1564 1327 1616; x_wconf 89' lang='lat' dir='ltr'>aetatis</span> <span class='ocrx_word' id='word_1_99' title='bbox 1368 1566 1422 1616; x_wconf 89' lang='lat' dir='ltr'>et</span> <span class='ocrx_word' id='word_1_100' title='bbox 1461 1564 1559 1616; x_wconf 91' lang='lat' dir='ltr'>sub</span> <span class='ocrx_word' id='word_1_101' title='bbox 1592 1581 1717 1633; x_wconf 88' lang='lat' dir='ltr'>rege</span> <span class='ocrx_word' id='word_1_102' title='bbox 1743 1561 1878 1616; x_wconf 81' lang='lat' dir='ltr'>Con-</span> 
     </span>
     <span class='ocr_line' id='line_1_18' title="bbox 193 1635 1880 1707; baseline -0.001 -17"><span class='ocrx_word' id='word_1_103' title='bbox 193 1638 393 1690; x_wconf 90' lang='lat' dir='ltr'>stantio</span> <span class='ocrx_word' id='word_1_104' title='bbox 435 1638 813 1694; x_wconf 85' lang='lat' dir='ltr'>celeberrimus</span> <span class='ocrx_word' id='word_1_105' title='bbox 839 1636 957 1689; x_wconf 89' lang='lat' dir='ltr'>fuit.</span> <span class='ocrx_word' id='word_1_106' title='bbox 1019 1637 1152 1707; x_wconf 85' lang='lat' dir='ltr'>Legi</span> <span class='ocrx_word' id='word_1_107' title='bbox 1187 1638 1300 1690; x_wconf 87' lang='lat' dir='ltr'>eius</span> <span class='ocrx_word' id='word_1_108' title='bbox 1336 1638 1393 1689; x_wconf 93' lang='lat' dir='ltr'>in</span> <span class='ocrx_word' id='word_1_109' title='bbox 1426 1636 1710 1690; x_wconf 83' lang='lat' dir='ltr'>Canticum</span> <span class='ocrx_word' id='word_1_110' title='bbox 1743 1635 1880 1690; x_wconf 83' lang='lat' dir='ltr'>Can-</span> 
     </span>
     <span class='ocr_line' id='line_1_19' title="bbox 189 1710 1879 1780; baseline 0 -17"><span class='ocrx_word' id='word_1_111' title='bbox 189 1711 419 1764; x_wconf 90' lang='lat' dir='ltr'>ticorum</span> <span class='ocrx_word' id='word_1_112' title='bbox 444 1711 871 1764; x_wconf 89' lang='lat' dir='ltr'>commentarios.</span> <span class='ocrx_word' id='word_1_113' title='bbox 933 1710 1008 1763; x_wconf 85' lang='lat' dir='ltr'>Et</span> <span class='ocrx_word' id='word_1_114' title='bbox 1039 1712 1212 1763; x_wconf 90' lang='lat' dir='ltr'>multa</span> <span class='ocrx_word' id='word_1_115' title='bbox 1237 1711 1342 1764; x_wconf 90' lang='lat' dir='ltr'>alia</span> <span class='ocrx_word' id='word_1_116' title='bbox 1375 1710 1744 1780; x_wconf 88' lang='lat' dir='ltr'>composuisse</span> <span class='ocrx_word' id='word_1_117' title='bbox 1774 1711 1879 1763; x_wconf 87' lang='lat' dir='ltr'>fer-</span> 
     </span>
     <span class='ocr_line' id='line_1_20' title="bbox 191 1785 1732 1854; baseline 0.001 -18"><span class='ocrx_word' id='word_1_118' title='bbox 191 1787 295 1854; x_wconf 85' lang='lat' dir='ltr'>tur,</span> <span class='ocrx_word' id='word_1_119' title='bbox 337 1803 473 1854; x_wconf 89' lang='lat' dir='ltr'>quae</span> <span class='ocrx_word' id='word_1_120' title='bbox 513 1786 571 1837; x_wconf 90' lang='lat' dir='ltr'>in</span> <span class='ocrx_word' id='word_1_121' title='bbox 609 1787 824 1838; x_wconf 86' lang='lat' dir='ltr'>nostras</span> <span class='ocrx_word' id='word_1_122' title='bbox 865 1802 1057 1837; x_wconf 89' lang='lat' dir='ltr'>manus</span> <span class='ocrx_word' id='word_1_123' title='bbox 1097 1785 1316 1837; x_wconf 89' lang='lat' dir='ltr'>minime</span> <span class='ocrx_word' id='word_1_124' title='bbox 1355 1787 1732 1854; x_wconf 81' lang='lat' dir='ltr'>pervenerunt.</span> 
     </span>
    </p>
   </div>
   <div class='ocr_carea' id='block_1_7' title="bbox 102 1935 1256 2008">
    <p class='ocr_par' dir='ltr' id='par_1_8' title="bbox 102 1935 1256 2008">
     <span class='ocr_line' id='line_1_21' title="bbox 102 1935 1256 2008; baseline 0 -16"><span class='ocrx_word' id='word_1_125' title='bbox 102 1963 158 2002; x_wconf 77' lang='lat'>20</span> <span class='ocrx_word' id='word_1_126' title='bbox 825 1935 960 2008; x_wconf 72' lang='lat' dir='ltr'>Cap.</span> <span class='ocrx_word' id='word_1_127' title='bbox 1014 1935 1256 1992; x_wconf 75' lang='lat' dir='ltr'><strong><em>XCIII.</em></strong></span> 
     </span>
    </p>
   </div>
   <div class='ocr_carea' id='block_1_8' title="bbox 103 2046 1904 2560">
    <p class='ocr_par' dir='ltr' id='par_1_9' title="bbox 188 2046 1904 2337">
     <span class='ocr_line' id='line_1_22' title="bbox 337 2046 1882 2117; baseline 0 -17"><span class='ocrx_word' id='word_1_128' title='bbox 337 2048 608 2116; x_wconf 85' lang='lat' dir='ltr'>Donatus,</span> <span class='ocrx_word' id='word_1_129' title='bbox 649 2067 680 2101; x_wconf 89' lang='lat' dir='ltr'>a</span> <span class='ocrx_word' id='word_1_130' title='bbox 720 2067 823 2117; x_wconf 93' lang='lat' dir='ltr'>quo</span> <span class='ocrx_word' id='word_1_131' title='bbox 862 2047 1160 2102; x_wconf 89' lang='lat' dir='ltr'>Donatiani</span> <span class='ocrx_word' id='word_1_132' title='bbox 1198 2067 1295 2116; x_wconf 90' lang='lat' dir='ltr'>per</span> <span class='ocrx_word' id='word_1_133' title='bbox 1326 2048 1567 2101; x_wconf 88' lang='lat' dir='ltr'>Africam</span> <span class='ocrx_word' id='word_1_134' title='bbox 1607 2048 1706 2100; x_wconf 91' lang='lat' dir='ltr'>sub</span> <span class='ocrx_word' id='word_1_135' title='bbox 1742 2046 1882 2101; x_wconf 82' lang='lat' dir='ltr'>Con-</span> 
     </span>
     <span class='ocr_line' id='line_1_23' title="bbox 191 2121 1904 2191; baseline 0 -17"><span class='ocrx_word' id='word_1_136' title='bbox 191 2123 391 2174; x_wconf 89' lang='lat' dir='ltr'>stantio</span> <span class='ocrx_word' id='word_1_137' title='bbox 440 2121 906 2190; x_wconf 81' lang='lat' dir='ltr'>Constantinoque</span> <span class='ocrx_word' id='word_1_138' title='bbox 953 2122 1288 2191; x_wconf 93' lang='lat' dir='ltr'>principibus</span> <span class='ocrx_word' id='word_1_139' title='bbox 1335 2122 1686 2191; x_wconf 87' lang='lat' dir='ltr'>pullularunt,</span> <span class='ocrx_word' id='word_1_140' title='bbox 1736 2139 1904 2189; x_wconf 22' lang='lat' dir='ltr'>asse--</span> 
     </span>
     <span class='ocr_line' id='line_1_24' title="bbox 188 2195 1878 2264; baseline 0 -17"><span class='ocrx_word' id='word_1_141' title='bbox 188 2213 312 2248; x_wconf 91' lang='lat' dir='ltr'>rens</span> <span class='ocrx_word' id='word_1_142' title='bbox 361 2214 392 2247; x_wconf 92' lang='lat' dir='ltr'>a</span> <span class='ocrx_word' id='word_1_143' title='bbox 430 2196 633 2248; x_wconf 88' lang='lat' dir='ltr'>nostris</span> <span class='ocrx_word' id='word_1_144' title='bbox 675 2196 965 2264; x_wconf 88' lang='lat' dir='ltr'>scripturas</span> <span class='ocrx_word' id='word_1_145' title='bbox 1011 2196 1071 2248; x_wconf 89' lang='lat' dir='ltr'>in</span> <span class='ocrx_word' id='word_1_146' title='bbox 1102 2196 1476 2264; x_wconf 82' lang='lat' dir='ltr'>persecutione</span> <span class='ocrx_word' id='word_1_147' title='bbox 1510 2195 1739 2248; x_wconf 89' lang='lat' dir='ltr'>ethnicis</span> <span class='ocrx_word' id='word_1_148' title='bbox 1772 2197 1878 2248; x_wconf 91' lang='lat' dir='ltr'>tra-</span> 
     </span>
     <span class='ocr_line' id='line_1_25' title="bbox 191 2268 1880 2337; baseline 0 -16"><span class='ocrx_word' id='word_1_149' title='bbox 191 2269 328 2322; x_wconf 91' lang='lat' dir='ltr'>ditas</span> <span class='ocrx_word' id='word_1_150' title='bbox 376 2271 551 2322; x_wconf 89' lang='lat' dir='ltr'>totam</span> <span class='ocrx_word' id='word_1_151' title='bbox 588 2287 756 2337; x_wconf 92' lang='lat' dir='ltr'>paene</span> <span class='ocrx_word' id='word_1_152' title='bbox 790 2268 1035 2322; x_wconf 83' lang='lat' dir='ltr'>Africam</span> <span class='ocrx_word' id='word_1_153' title='bbox 1074 2272 1128 2321; x_wconf 90' lang='lat' dir='ltr'>et</span> <span class='ocrx_word' id='word_1_154' title='bbox 1158 2269 1388 2322; x_wconf 85' lang='lat' dir='ltr'>maxime</span> <span class='ocrx_word' id='word_1_155' title='bbox 1424 2268 1738 2323; x_wconf 88' lang='lat' dir='ltr'>Numidiam</span> <span class='ocrx_word' id='word_1_156' title='bbox 1782 2286 1880 2322; x_wconf 89' lang='lat' dir='ltr'>sua</span> 
     </span>
    </p>

    <p class='ocr_par' dir='ltr' id='par_1_10' title="bbox 103 2342 1881 2560">
     <span class='ocr_line' id='line_1_26' title="bbox 103 2342 1881 2412; baseline -0.002 -14"><span class='ocrx_word' id='word_1_157' title='bbox 103 2358 158 2398; x_wconf 81' lang='lat'>25</span> <span class='ocrx_word' id='word_1_158' title='bbox 190 2343 538 2411; x_wconf 89' lang='lat' dir='ltr'>persuasione</span> <span class='ocrx_word' id='word_1_159' title='bbox 579 2343 799 2412; x_wconf 89' lang='lat' dir='ltr'>decepit.</span> <span class='ocrx_word' id='word_1_160' title='bbox 853 2343 1091 2396; x_wconf 84' lang='lat' dir='ltr'>Exstant</span> <span class='ocrx_word' id='word_1_161' title='bbox 1129 2343 1241 2395; x_wconf 89' lang='lat' dir='ltr'>eius</span> <span class='ocrx_word' id='word_1_162' title='bbox 1281 2343 1451 2395; x_wconf 90' lang='lat' dir='ltr'>multa</span> <span class='ocrx_word' id='word_1_163' title='bbox 1491 2342 1557 2395; x_wconf 91' lang='lat' dir='ltr'>ad</span> <span class='ocrx_word' id='word_1_164' title='bbox 1597 2361 1749 2395; x_wconf 90' lang='lat' dir='ltr'>suam</span> <span class='ocrx_word' id='word_1_165' title='bbox 1788 2342 1881 2394; x_wconf 85' lang='lat' dir='ltr'>he-</span> 
     </span>
     <span class='ocr_line' id='line_1_27' title="bbox 191 2415 1876 2486; baseline -0.001 -17"><span class='ocrx_word' id='word_1_166' title='bbox 191 2417 353 2469; x_wconf 88' lang='lat' dir='ltr'>resim</span> <span class='ocrx_word' id='word_1_167' title='bbox 392 2416 721 2486; x_wconf 88' lang='lat' dir='ltr'>pertinentia</span> <span class='ocrx_word' id='word_1_168' title='bbox 770 2419 823 2468; x_wconf 92' lang='lat' dir='ltr'>et</span> <span class='ocrx_word' id='word_1_169' title='bbox 872 2416 966 2469; x_wconf 73' lang='lat' dir='ltr'>‘de</span> <span class='ocrx_word' id='word_1_170' title='bbox 1006 2417 1199 2485; x_wconf 89' lang='lat' dir='ltr'>spiritu</span> <span class='ocrx_word' id='word_1_171' title='bbox 1240 2415 1449 2470; x_wconf 82' lang='lat' dir='ltr'>sancto&#39;</span> <span class='ocrx_word' id='word_1_172' title='bbox 1496 2416 1634 2468; x_wconf 90' lang='lat' dir='ltr'>liber</span> <span class='ocrx_word' id='word_1_173' title='bbox 1671 2415 1876 2468; x_wconf 90' lang='lat' dir='ltr'>Ariano</span> 
     </span>
     <span class='ocr_line' id='line_1_28' title="bbox 193 2491 791 2560; baseline -0.002 -17"><span class='ocrx_word' id='word_1_174' title='bbox 193 2491 435 2560; x_wconf 88' lang='lat' dir='ltr'>dogmati</span> <span class='ocrx_word' id='word_1_175' title='bbox 474 2507 791 2560; x_wconf 76' lang='lat' dir='ltr'>congruens,</span> 
     </span>
    </p>
   </div>
   <div class='ocr_carea' id='block_1_9' title="bbox 188 2603 1885 2957">
    <p class='ocr_par' dir='ltr' id='par_1_11' title="bbox 188 2603 1885 2957">
     <span class='ocr_line' id='line_1_29' title="bbox 310 2603 1756 2663; baseline -0.001 -14"><span class='ocrx_word' id='word_1_176' title='bbox 310 2610 336 2649; x_wconf 84' lang='lat'>5</span> <span class='ocrx_word' id='word_1_177' title='bbox 369 2605 531 2650; x_wconf 86' lang='lat' dir='ltr'>Bern.:</span> <span class='ocrx_word' id='word_1_178' title='bbox 566 2606 810 2663; x_wconf 87' lang='lat' dir='ltr'>episcopus</span> <span class='ocrx_word' id='word_1_179' title='bbox 842 2605 1086 2650; x_wconf 87' lang='lat' dir='ltr'>Emisenus</span> <span class='ocrx_word' id='word_1_180' title='bbox 1239 2611 1264 2649; x_wconf 84' lang='lat'>6</span> <span class='ocrx_word' id='word_1_181' title='bbox 1297 2605 1486 2649; x_wconf 88' lang='lat' dir='ltr'>Bamb.:</span> <span class='ocrx_word' id='word_1_182' title='bbox 1517 2603 1756 2660; x_wconf 87' lang='lat' dir='ltr'>pertinent</span> 
     </span>
     <span class='ocr_line' id='line_1_30' title="bbox 191 2661 1880 2721; baseline -0.002 -12"><span class='ocrx_word' id='word_1_183' title='bbox 191 2671 217 2709; x_wconf 88' lang='grc'>9</span> <span class='ocrx_word' id='word_1_184' title='bbox 250 2665 436 2710; x_wconf 87' lang='lat' dir='ltr'>Bamb.:</span> <span class='ocrx_word' id='word_1_185' title='bbox 469 2666 632 2721; x_wconf 87' lang='lat' dir='ltr'>gentes</span> <span class='ocrx_word' id='word_1_186' title='bbox 772 2670 823 2708; x_wconf 92' lang='lat'>11</span> <span class='ocrx_word' id='word_1_187' title='bbox 859 2664 965 2709; x_wconf 88' lang='lat' dir='ltr'>Vat.</span> <span class='ocrx_word' id='word_1_188' title='bbox 999 2666 1047 2708; x_wconf 91' lang='lat' dir='ltr'>et</span> <span class='ocrx_word' id='word_1_189' title='bbox 1076 2663 1262 2721; x_wconf 87' lang='lat' dir='ltr'>Bamb.:</span> <span class='ocrx_word' id='word_1_190' title='bbox 1301 2663 1529 2708; x_wconf 84' lang='lat' dir='ltr'>homeliae</span> <span class='ocrx_word' id='word_1_191' title='bbox 1663 2666 1716 2706; x_wconf 84' lang='lat'>15</span> <span class='ocrx_word' id='word_1_192' title='bbox 1750 2661 1880 2706; x_wconf 87' lang='lat' dir='ltr'>Vat.:</span> 
     </span>
     <span class='ocr_line' id='line_1_31' title="bbox 189 2721 1876 2781; baseline -0.002 -13"><span class='ocrx_word' id='word_1_193' title='bbox 189 2723 452 2781; x_wconf 84' lang='lat' dir='ltr'>Iriphilius;</span> <span class='ocrx_word' id='word_1_194' title='bbox 485 2724 670 2768; x_wconf 87' lang='lat' dir='ltr'>Bamb.:</span> <span class='ocrx_word' id='word_1_195' title='bbox 702 2722 923 2780; x_wconf 87' lang='lat' dir='ltr'>Tripilius</span> <span class='ocrx_word' id='word_1_196' title='bbox 1016 2724 1121 2768; x_wconf 88' lang='lat' dir='ltr'>Vat.</span> <span class='ocrx_word' id='word_1_197' title='bbox 1155 2725 1202 2768; x_wconf 91' lang='lat' dir='ltr'>et</span> <span class='ocrx_word' id='word_1_198' title='bbox 1224 2723 1385 2767; x_wconf 88' lang='lat' dir='ltr'>Bamb.</span> <span class='ocrx_word' id='word_1_199' title='bbox 1413 2724 1461 2767; x_wconf 87' lang='lat' dir='ltr'>et</span> <span class='ocrx_word' id='word_1_200' title='bbox 1483 2722 1638 2767; x_wconf 86' lang='lat' dir='ltr'>Bern.:</span> <span class='ocrx_word' id='word_1_201' title='bbox 1670 2721 1876 2765; x_wconf 88' lang='lat' dir='ltr'>Leucon-</span> 
     </span>
     <span class='ocr_line' id='line_1_32' title="bbox 188 2779 1880 2835; baseline -0.003 -8"><span class='ocrx_word' id='word_1_202' title='bbox 188 2784 332 2827; x_wconf 87' lang='lat' dir='ltr'>theon</span> <span class='ocrx_word' id='word_1_203' title='bbox 423 2787 478 2826; x_wconf 81' lang='lat'>21</span> <span class='ocrx_word' id='word_1_204' title='bbox 513 2783 620 2827; x_wconf 84' lang='lat' dir='ltr'>Vat.</span> <span class='ocrx_word' id='word_1_205' title='bbox 653 2784 701 2826; x_wconf 90' lang='lat' dir='ltr'>et</span> <span class='ocrx_word' id='word_1_206' title='bbox 731 2783 895 2826; x_wconf 87' lang='lat' dir='ltr'>Bamb.</span> <span class='ocrx_word' id='word_1_207' title='bbox 928 2783 976 2826; x_wconf 88' lang='lat' dir='ltr'>et</span> <span class='ocrx_word' id='word_1_208' title='bbox 999 2782 1156 2826; x_wconf 89' lang='lat' dir='ltr'>Bern.:</span> <span class='ocrx_word' id='word_1_209' title='bbox 1191 2780 1496 2827; x_wconf 84' lang='lat' dir='ltr'>Constantino</span> <span class='ocrx_word' id='word_1_210' title='bbox 1515 2779 1880 2835; x_wconf 83' lang='lat' dir='ltr'>Constantioque</span> 
     </span>
     <span class='ocr_line' id='line_1_33' title="bbox 291 2838 1885 2896; baseline -0.003 -10"><span class='ocrx_word' id='word_1_211' title='bbox 291 2847 346 2886; x_wconf 83' lang='lat'>22</span> <span class='ocrx_word' id='word_1_212' title='bbox 380 2842 469 2886; x_wconf 90' lang='lat' dir='ltr'>hoc</span> <span class='ocrx_word' id='word_1_213' title='bbox 501 2841 784 2886; x_wconf 84' lang='lat' dir='ltr'>vocabulum</span> <span class='ocrx_word' id='word_1_214' title='bbox 817 2841 947 2886; x_wconf 84' lang='lat' dir='ltr'>deest</span> <span class='ocrx_word' id='word_1_215' title='bbox 976 2840 1026 2885; x_wconf 89' lang='lat' dir='ltr'>in</span> <span class='ocrx_word' id='word_1_216' title='bbox 1055 2841 1163 2886; x_wconf 91' lang='lat' dir='ltr'>Vat.</span> <span class='ocrx_word' id='word_1_217' title='bbox 1293 2845 1351 2885; x_wconf 86' lang='lat'>26</span> <span class='ocrx_word' id='word_1_218' title='bbox 1383 2839 1568 2885; x_wconf 89' lang='lat' dir='ltr'>Bamb.:</span> <span class='ocrx_word' id='word_1_219' title='bbox 1599 2838 1885 2896; x_wconf 84' lang='lat' dir='ltr'>pertinentia</span> 
     </span>
     <span class='ocr_line' id='line_1_34' title="bbox 190 2901 412 2957; baseline 0.005 -12"><span class='ocrx_word' id='word_1_220' title='bbox 190 2901 412 2957; x_wconf 86' lang='lat' dir='ltr'>opuscula</span> 
     </span>
    </p>
   </div>
  </div>
 </body>
</html>
