<?xml version="1.0" encoding="UTF-8"?>
<!DOCTYPE html PUBLIC "-//W3C//DTD XHTML 1.0 Transitional//EN"
    "http://www.w3.org/TR/xhtml1/DTD/xhtml1-transitional.dtd">
<html xmlns="http://www.w3.org/1999/xhtml" xml:lang="en" lang="en">
 <head>
  <title>
</title>
<meta http-equiv="Content-Type" content="text/html;charset=utf-8" />
  <meta name='ocr-system' content='tesseract 3.04.00' />
  <meta name='ocr-capabilities' content='ocr_page ocr_carea ocr_par ocr_line ocrx_word'/>
</head>
<body>
  <div class='ocr_page' id='page_1' title='image "./devirisinlustrib00jerouoft_0063.png"; bbox 0 0 1974 3192; ppageno 0'>
   <div class='ocr_carea' id='block_1_1' title="bbox 734 178 1092 231">
    <p class='ocr_par' dir='ltr' id='par_1_1' title="bbox 734 178 1092 231">
     <span class='ocr_line' id='line_1_1' title="bbox 734 178 1092 231; baseline 0 -16"><span class='ocrx_word' id='word_1_1' title='bbox 734 178 1092 231; x_wconf 38' lang='lat'><strong>*15-</strong></span> 
     </span>
    </p>
   </div>
   <div class='ocr_carea' id='block_1_2' title="bbox 65 295 1768 2422">
    <p class='ocr_par' dir='ltr' id='par_1_2' title="bbox 65 295 1765 1030">
     <span class='ocr_line' id='line_1_2' title="bbox 69 295 1760 350; baseline 0 -1"><span class='ocrx_word' id='word_1_2' title='bbox 69 296 311 349; x_wconf 86' lang='lat' dir='ltr'><strong>divinam</strong></span> <span class='ocrx_word' id='word_1_3' title='bbox 343 296 456 348; x_wconf 90' lang='lat' dir='ltr'><strong>eius</strong></span> <span class='ocrx_word' id='word_1_4' title='bbox 492 295 834 349; x_wconf 69' lang='lat' dir='ltr'><strong>nativitatem</strong></span> <span class='ocrx_word' id='word_1_5' title='bbox 868 295 1056 349; x_wconf 80' lang='lat' dir='ltr'>dicere.</span> <span class='ocrx_word' id='word_1_6' title='bbox 1121 295 1223 350; x_wconf 80' lang='lat' dir='ltr'><strong>Sed</strong></span> <span class='ocrx_word' id='word_1_7' title='bbox 1262 300 1316 349; x_wconf 89' lang='lat' dir='ltr'><strong>et</strong></span> <span class='ocrx_word' id='word_1_8' title='bbox 1348 297 1511 349; x_wconf 91' lang='lat' dir='ltr'><strong>aliam</strong></span> <span class='ocrx_word' id='word_1_9' title='bbox 1545 315 1760 350; x_wconf 86' lang='lat' dir='ltr'><strong>cau-sam</strong></span> 
     </span>
     <span class='ocr_line' id='line_1_3' title="bbox 68 369 1762 441; baseline 0.001 -19"><span class='ocrx_word' id='word_1_10' title='bbox 68 370 227 423; x_wconf 90' lang='lat' dir='ltr'><strong>huius</strong></span> <span class='ocrx_word' id='word_1_11' title='bbox 277 369 571 438; x_wconf 83' lang='lat' dir='ltr'><strong>scripturae</strong></span> <span class='ocrx_word' id='word_1_12' title='bbox 609 369 811 434; x_wconf 82' lang='lat' dir='ltr'><strong>ferunt,</strong></span> <span class='ocrx_word' id='word_1_13' title='bbox 862 370 1024 439; x_wconf 85' lang='lat' dir='ltr'><strong>quod,</strong></span> <span class='ocrx_word' id='word_1_14' title='bbox 1065 389 1184 424; x_wconf 92' lang='lat' dir='ltr'><strong>cum</strong></span> <span class='ocrx_word' id='word_1_15' title='bbox 1223 370 1446 441; x_wconf 83' lang='lat' dir='ltr'><strong>legisset</strong></span> <span class='ocrx_word' id='word_1_16' title='bbox 1484 369 1762 440; x_wconf 85' lang='lat' dir='ltr'><strong>Matthaei,</strong></span> 
     </span>
     <span class='ocr_line' id='line_1_4' title="bbox 65 442 1762 513; baseline 0.001 -17"><span class='ocrx_word' id='word_1_17' title='bbox 65 443 235 496; x_wconf 87' lang='lat' dir='ltr'><strong>Marci</strong></span> <span class='ocrx_word' id='word_1_18' title='bbox 290 446 343 496; x_wconf 89' lang='lat' dir='ltr'><strong>et</strong></span> <span class='ocrx_word' id='word_1_19' title='bbox 379 442 555 497; x_wconf 82' lang='lat' dir='ltr'><strong>Lucae</strong></span> <span class='ocrx_word' id='word_1_20' title='bbox 603 443 899 512; x_wconf 85' lang='lat' dir='ltr'><strong>volumina,</strong></span> <span class='ocrx_word' id='word_1_21' title='bbox 937 445 1249 512; x_wconf 85' lang='lat' dir='ltr'><strong>probaverit</strong></span> <span class='ocrx_word' id='word_1_22' title='bbox 1296 445 1508 513; x_wconf 92' lang='lat' dir='ltr'><strong>quidem</strong></span> <span class='ocrx_word' id='word_1_23' title='bbox 1554 448 1762 498; x_wconf 85' lang='lat' dir='ltr'><strong>textum</strong></span> 
     </span>
     <span class='ocr_line' id='line_1_5' title="bbox 68 517 1761 587; baseline 0.001 -18"><span class='ocrx_word' id='word_1_24' title='bbox 68 517 328 570; x_wconf 87' lang='lat' dir='ltr'><strong>historiae</strong></span> <span class='ocrx_word' id='word_1_25' title='bbox 384 519 436 569; x_wconf 88' lang='lat' dir='ltr'><strong>et</strong></span> <span class='ocrx_word' id='word_1_26' title='bbox 493 534 620 570; x_wconf 84' lang='lat' dir='ltr'><strong>vera</strong></span> <span class='ocrx_word' id='word_1_27' title='bbox 677 534 766 570; x_wconf 91' lang='lat' dir='ltr'><strong>eos</strong></span> <span class='ocrx_word' id='word_1_28' title='bbox 822 517 1020 570; x_wconf 86' lang='lat' dir='ltr'><strong>dixisse</strong></span> <span class='ocrx_word' id='word_1_29' title='bbox 1082 518 1397 587; x_wconf 87' lang='lat' dir='ltr'><strong>firmaverit,</strong></span> <span class='ocrx_word' id='word_1_30' title='bbox 1461 518 1552 571; x_wconf 90' lang='lat' dir='ltr'><strong>sed</strong></span> <span class='ocrx_word' id='word_1_31' title='bbox 1605 520 1761 571; x_wconf 88' lang='lat' dir='ltr'><strong>unius</strong></span> 
     </span>
     <span class='ocr_line' id='line_1_6' title="bbox 69 591 1762 660; baseline 0.001 -16"><span class='ocrx_word' id='word_1_32' title='bbox 69 593 287 644; x_wconf 87' lang='lat' dir='ltr'><strong>tantum</strong></span> <span class='ocrx_word' id='word_1_33' title='bbox 349 591 478 643; x_wconf 90' lang='lat' dir='ltr'><strong>anni</strong></span> <span class='ocrx_word' id='word_1_34' title='bbox 541 591 599 643; x_wconf 92' lang='lat' dir='ltr'><strong>in</strong></span> <span class='ocrx_word' id='word_1_35' title='bbox 664 609 766 660; x_wconf 92' lang='lat' dir='ltr'><strong>quo</strong></span> <span class='ocrx_word' id='word_1_36' title='bbox 823 594 876 643; x_wconf 91' lang='lat' dir='ltr'><strong>et</strong></span> <span class='ocrx_word' id='word_1_37' title='bbox 928 609 1120 659; x_wconf 90' lang='lat' dir='ltr'><strong>passus</strong></span> <span class='ocrx_word' id='word_1_38' title='bbox 1177 595 1259 644; x_wconf 90' lang='lat' dir='ltr'><strong>est</strong></span> <span class='ocrx_word' id='word_1_39' title='bbox 1311 595 1437 660; x_wconf 90' lang='lat' dir='ltr'><strong>post</strong></span> <span class='ocrx_word' id='word_1_40' title='bbox 1499 610 1762 645; x_wconf 88' lang='lat' dir='ltr'><strong>carcerem</strong></span> 
     </span>
     <span class='ocr_line' id='line_1_7' title="bbox 78 663 1764 735; baseline 0.002 -19"><span class='ocrx_word' id='word_1_41' title='bbox 78 664 355 734; x_wconf 79' lang='lat' dir='ltr'><strong>IohanniS,</strong></span> <span class='ocrx_word' id='word_1_42' title='bbox 390 664 675 717; x_wconf 84' lang='lat' dir='ltr'><strong>historiam</strong></span> <span class='ocrx_word' id='word_1_43' title='bbox 698 665 946 718; x_wconf 86' lang='lat' dir='ltr'><strong>texuisse.</strong></span> <span class='ocrx_word' id='word_1_44' title='bbox 991 663 1378 718; x_wconf 82' lang='lat' dir='ltr'><strong>Praetermisso</strong></span> <span class='ocrx_word' id='word_1_45' title='bbox 1402 666 1583 735; x_wconf 89' lang='lat' dir='ltr'><strong>itaque</strong></span> <span class='ocrx_word' id='word_1_46' title='bbox 1608 685 1764 735; x_wconf 84' lang='lat' dir='ltr'><strong>anne,</strong></span> 
     </span>
     <span class='ocr_line' id='line_1_8' title="bbox 75 738 1763 808; baseline 0.001 -17"><span class='ocrx_word' id='word_1_47' title='bbox 75 739 223 791; x_wconf 90' lang='lat' dir='ltr'><strong>cuius</strong></span> <span class='ocrx_word' id='word_1_48' title='bbox 273 742 392 791; x_wconf 89' lang='lat' dir='ltr'><strong>acta</strong></span> <span class='ocrx_word' id='word_1_49' title='bbox 440 757 470 791; x_wconf 88' lang='lat' dir='ltr'><strong>a</strong></span> <span class='ocrx_word' id='word_1_50' title='bbox 508 739 681 791; x_wconf 89' lang='lat' dir='ltr'><strong>tribus</strong></span> <span class='ocrx_word' id='word_1_51' title='bbox 728 738 945 790; x_wconf 85' lang='lat' dir='ltr'><strong>fucrant</strong></span> <span class='ocrx_word' id='word_1_52' title='bbox 991 742 1255 808; x_wconf 89' lang='lat' dir='ltr'><strong>exposita,</strong></span> <span class='ocrx_word' id='word_1_53' title='bbox 1305 740 1593 807; x_wconf 87' lang='lat' dir='ltr'><strong>superioris</strong></span> <span class='ocrx_word' id='word_1_54' title='bbox 1632 745 1763 793; x_wconf 90' lang='lat' dir='ltr'><strong>tem-</strong></span> 
     </span>
     <span class='ocr_line' id='line_1_9' title="bbox 75 811 1763 882; baseline 0.001 -18"><span class='ocrx_word' id='word_1_55' title='bbox 75 813 246 882; x_wconf 89' lang='lat' dir='ltr'><strong>poris,</strong></span> <span class='ocrx_word' id='word_1_56' title='bbox 302 815 592 881; x_wconf 82' lang='lat' dir='ltr'><strong>antequam</strong></span> <span class='ocrx_word' id='word_1_57' title='bbox 653 811 925 865; x_wconf 89' lang='lat' dir='ltr'><strong>Iohannes</strong></span> <span class='ocrx_word' id='word_1_58' title='bbox 985 812 1323 865; x_wconf 88' lang='lat' dir='ltr'><strong>clauderetur</strong></span> <span class='ocrx_word' id='word_1_59' title='bbox 1371 814 1429 864; x_wconf 94' lang='lat' dir='ltr'><strong>in</strong></span> <span class='ocrx_word' id='word_1_60' title='bbox 1484 832 1763 882; x_wconf 85' lang='lat' dir='ltr'><strong>carcerem,</strong></span> 
     </span>
     <span class='ocr_line' id='line_1_10' title="bbox 77 885 1765 957; baseline 0.001 -19"><span class='ocrx_word' id='word_1_61' title='bbox 77 889 234 956; x_wconf 90' lang='lat' dir='ltr'><strong>gesta</strong></span> <span class='ocrx_word' id='word_1_62' title='bbox 269 887 533 955; x_wconf 85' lang='lat' dir='ltr'><strong>narravit,</strong></span> <span class='ocrx_word' id='word_1_63' title='bbox 580 887 719 939; x_wconf 89' lang='lat' dir='ltr'><strong>sicut</strong></span> <span class='ocrx_word' id='word_1_64' title='bbox 755 885 1103 939; x_wconf 87' lang='lat' dir='ltr'><strong>manifestum</strong></span> <span class='ocrx_word' id='word_1_65' title='bbox 1152 905 1266 939; x_wconf 90' lang='lat' dir='ltr'><strong>esse</strong></span> <span class='ocrx_word' id='word_1_66' title='bbox 1305 887 1507 955; x_wconf 91' lang='lat' dir='ltr'><strong>poterit</strong></span> <span class='ocrx_word' id='word_1_67' title='bbox 1549 887 1634 939; x_wconf 89' lang='lat' dir='ltr'><strong>his</strong></span> <span class='ocrx_word' id='word_1_68' title='bbox 1675 890 1765 957; x_wconf 91' lang='lat' dir='ltr'><strong>qui</strong></span> 
     </span>
     <span class='ocr_line' id='line_1_11' title="bbox 75 959 1763 1030; baseline 0.001 -18"><span class='ocrx_word' id='word_1_69' title='bbox 75 959 364 1030; x_wconf 84' lang='lat' dir='ltr'><strong>diligenter</strong></span> <span class='ocrx_word' id='word_1_70' title='bbox 419 962 674 1029; x_wconf 88' lang='lat' dir='ltr'><strong>quattuor</strong></span> <span class='ocrx_word' id='word_1_71' title='bbox 732 960 1135 1030; x_wconf 84' lang='lat' dir='ltr'><strong>evangeliorum</strong></span> <span class='ocrx_word' id='word_1_72' title='bbox 1192 960 1468 1013; x_wconf 85' lang='lat' dir='ltr'><strong>volumina</strong></span> <span class='ocrx_word' id='word_1_73' title='bbox 1520 961 1763 1030; x_wconf 86' lang='lat' dir='ltr'><strong>legerint.</strong></span> 
     </span>
    </p>

    <p class='ocr_par' dir='ltr' id='par_1_3' title="bbox 70 1030 1767 2289">
     <span class='ocr_line' id='line_1_12' title="bbox 221 1030 1762 1103; baseline 0 -17"><span class='ocrx_word' id='word_1_74' title='bbox 221 1033 369 1096; x_wconf 83' lang='lat' dir='ltr'><strong>Quae</strong></span> <span class='ocrx_word' id='word_1_75' title='bbox 415 1051 500 1086; x_wconf 91' lang='lat' dir='ltr'><strong>res</strong></span> <span class='ocrx_word' id='word_1_76' title='bbox 550 1037 604 1086; x_wconf 90' lang='lat' dir='ltr'><strong>et</strong></span> <span class='ocrx_word' id='word_1_77' title='bbox 651 1030 996 1103; x_wconf 80' lang='grc' dir='ltr'><em>διαφώνιαν,</em></span> <span class='ocrx_word' id='word_1_78' title='bbox 1052 1052 1187 1102; x_wconf 90' lang='lat' dir='ltr'><strong>quae</strong></span> <span class='ocrx_word' id='word_1_79' title='bbox 1241 1034 1451 1086; x_wconf 87' lang='lat' dir='ltr'><strong>videtur</strong></span> <span class='ocrx_word' id='word_1_80' title='bbox 1496 1034 1762 1087; x_wconf 83' lang='lat' dir='ltr'><strong>Johannis</strong></span> 
     </span>
     <span class='ocr_line' id='line_1_13' title="bbox 72 1108 1763 1177; baseline 0 -17"><span class='ocrx_word' id='word_1_81' title='bbox 72 1126 187 1161; x_wconf 88' lang='lat' dir='ltr'><strong>esse</strong></span> <span class='ocrx_word' id='word_1_82' title='bbox 244 1126 365 1160; x_wconf 93' lang='lat' dir='ltr'><strong>cum</strong></span> <span class='ocrx_word' id='word_1_83' title='bbox 419 1108 633 1177; x_wconf 88' lang='lat' dir='ltr'><strong>ceteris,</strong></span> <span class='ocrx_word' id='word_1_84' title='bbox 694 1108 856 1161; x_wconf 87' lang='lat' dir='ltr'><strong>tollit.</strong></span> <span class='ocrx_word' id='word_1_85' title='bbox 937 1108 1174 1176; x_wconf 88' lang='lat' dir='ltr'><strong>[scripsit</strong></span> <span class='ocrx_word' id='word_1_86' title='bbox 1229 1110 1432 1173; x_wconf 90' lang='lat' dir='ltr'><strong>autem]</strong></span> <span class='ocrx_word' id='word_1_87' title='bbox 1492 1111 1546 1160; x_wconf 91' lang='lat' dir='ltr'><strong>et</strong></span> <span class='ocrx_word' id='word_1_88' title='bbox 1599 1127 1763 1161; x_wconf 89' lang='lat' dir='ltr'><strong>unam</strong></span> 
     </span>
     <span class='ocr_line' id='line_1_14' title="bbox 72 1181 1763 1252; baseline 0.001 -18"><span class='ocrx_word' id='word_1_89' title='bbox 72 1181 357 1251; x_wconf 90' lang='lat' dir='ltr'><strong>epistulam</strong></span> <span class='ocrx_word' id='word_1_90' title='bbox 414 1182 562 1234; x_wconf 89' lang='lat' dir='ltr'><strong>cuius</strong></span> <span class='ocrx_word' id='word_1_91' title='bbox 613 1182 887 1235; x_wconf 84' lang='lat' dir='ltr'><strong>exordium</strong></span> <span class='ocrx_word' id='word_1_92' title='bbox 935 1185 1038 1234; x_wconf 89' lang='lat' dir='ltr'><strong>est:</strong></span> <span class='ocrx_word' id='word_1_93' title='bbox 1088 1181 1256 1252; x_wconf 71' lang='lat' dir='ltr'><strong>‘quod</strong></span> <span class='ocrx_word' id='word_1_94' title='bbox 1309 1181 1415 1234; x_wconf 88' lang='lat' dir='ltr'><strong>fuit</strong></span> <span class='ocrx_word' id='word_1_95' title='bbox 1469 1182 1536 1234; x_wconf 88' lang='lat' dir='ltr'><strong>ab</strong></span> <span class='ocrx_word' id='word_1_96' title='bbox 1588 1182 1763 1251; x_wconf 72' lang='lat' dir='ltr'><strong>initio,</strong></span> 
     </span>
     <span class='ocr_line' id='line_1_15' title="bbox 74 1255 1765 1325; baseline 0 -17"><span class='ocrx_word' id='word_1_97' title='bbox 74 1255 217 1325; x_wconf 89' lang='lat' dir='ltr'><strong>quod</strong></span> <span class='ocrx_word' id='word_1_98' title='bbox 258 1255 559 1308; x_wconf 83' lang='lat' dir='ltr'><strong>audivimus</strong></span> <span class='ocrx_word' id='word_1_99' title='bbox 601 1259 653 1308; x_wconf 92' lang='lat' dir='ltr'><strong>et</strong></span> <span class='ocrx_word' id='word_1_100' title='bbox 684 1256 851 1309; x_wconf 88' lang='lat' dir='ltr'><strong>oculis</strong></span> <span class='ocrx_word' id='word_1_101' title='bbox 883 1256 1082 1309; x_wconf 87' lang='lat' dir='ltr'><strong>nostris</strong></span> <span class='ocrx_word' id='word_1_102' title='bbox 1123 1255 1264 1325; x_wconf 92' lang='lat' dir='ltr'><strong>quod</strong></span> <span class='ocrx_word' id='word_1_103' title='bbox 1302 1256 1671 1324; x_wconf 85' lang='lat' dir='ltr'><strong>perspeximus</strong></span> <span class='ocrx_word' id='word_1_104' title='bbox 1712 1260 1765 1308; x_wconf 91' lang='lat' dir='ltr'><strong>et</strong></span> 
     </span>
     <span class='ocr_line' id='line_1_16' title="bbox 71 1328 1763 1398; baseline 0.001 -17"><span class='ocrx_word' id='word_1_105' title='bbox 71 1348 263 1382; x_wconf 91' lang='lat' dir='ltr'><strong>manus</strong></span> <span class='ocrx_word' id='word_1_106' title='bbox 302 1332 519 1383; x_wconf 88' lang='lat' dir='ltr'><strong>nostrae</strong></span> <span class='ocrx_word' id='word_1_107' title='bbox 565 1332 939 1382; x_wconf 86' lang='lat' dir='ltr'><strong>tractaverunt</strong></span> <span class='ocrx_word' id='word_1_108' title='bbox 978 1330 1042 1382; x_wconf 92' lang='lat' dir='ltr'><strong>de</strong></span> <span class='ocrx_word' id='word_1_109' title='bbox 1090 1330 1255 1383; x_wconf 86' lang='lat' dir='ltr'><strong>verbo</strong></span> <span class='ocrx_word' id='word_1_110' title='bbox 1296 1328 1473 1398; x_wconf 83' lang='lat' dir='ltr'><strong>vitae&#39;,</strong></span> <span class='ocrx_word' id='word_1_111' title='bbox 1520 1347 1655 1398; x_wconf 90' lang='lat' dir='ltr'><strong>quae</strong></span> <span class='ocrx_word' id='word_1_112' title='bbox 1696 1331 1763 1382; x_wconf 89' lang='lat' dir='ltr'><strong>ab</strong></span> 
     </span>
     <span class='ocr_line' id='line_1_17' title="bbox 70 1403 1765 1472; baseline -0.001 -16"><span class='ocrx_word' id='word_1_113' title='bbox 70 1403 333 1456; x_wconf 87' lang='lat' dir='ltr'><strong>universis</strong></span> <span class='ocrx_word' id='word_1_114' title='bbox 367 1403 744 1456; x_wconf 88' lang='lat' dir='ltr'><strong>ecclesiasticis</strong></span> <span class='ocrx_word' id='word_1_115' title='bbox 779 1406 832 1456; x_wconf 91' lang='lat' dir='ltr'><strong>et</strong></span> <span class='ocrx_word' id='word_1_116' title='bbox 871 1404 1091 1457; x_wconf 89' lang='lat' dir='ltr'><strong>eruditis</strong></span> <span class='ocrx_word' id='word_1_117' title='bbox 1123 1404 1252 1457; x_wconf 85' lang='lat' dir='ltr'><strong>viris</strong></span> <span class='ocrx_word' id='word_1_118' title='bbox 1285 1404 1560 1472; x_wconf 87' lang='lat' dir='ltr'><strong>probatur.</strong></span> <span class='ocrx_word' id='word_1_119' title='bbox 1622 1403 1765 1456; x_wconf 84' lang='lat' dir='ltr'><strong>Reli-</strong></span> 
     </span>
     <span class='ocr_line' id='line_1_18' title="bbox 73 1477 1765 1547; baseline 0.001 -18"><span class='ocrx_word' id='word_1_120' title='bbox 73 1495 208 1546; x_wconf 87' lang='lat' dir='ltr'><strong>quae</strong></span> <span class='ocrx_word' id='word_1_121' title='bbox 234 1480 414 1529; x_wconf 84' lang='lat' dir='ltr'><strong>autem</strong></span> <span class='ocrx_word' id='word_1_122' title='bbox 446 1477 580 1530; x_wconf 86' lang='lat' dir='ltr'><strong>duae</strong></span> <span class='ocrx_word' id='word_1_123' title='bbox 606 1496 829 1547; x_wconf 89' lang='lat' dir='ltr'><strong>quarum</strong></span> <span class='ocrx_word' id='word_1_124' title='bbox 853 1477 1179 1547; x_wconf 88' lang='lat' dir='ltr'><strong>principium</strong></span> <span class='ocrx_word' id='word_1_125' title='bbox 1206 1480 1309 1531; x_wconf 89' lang='lat' dir='ltr'><strong>est:</strong></span> <span class='ocrx_word' id='word_1_126' title='bbox 1345 1477 1542 1530; x_wconf 74' lang='lat' dir='ltr'><strong>‘senior</strong></span> <span class='ocrx_word' id='word_1_127' title='bbox 1566 1478 1765 1530; x_wconf 87' lang='lat' dir='ltr'><strong>electae</strong></span> 
     </span>
     <span class='ocr_line' id='line_1_19' title="bbox 71 1549 1764 1621; baseline 0 -17"><span class='ocrx_word' id='word_1_128' title='bbox 71 1551 319 1604; x_wconf 88' lang='lat' dir='ltr'><strong>dominae</strong></span> <span class='ocrx_word' id='word_1_129' title='bbox 353 1554 406 1603; x_wconf 87' lang='lat' dir='ltr'><strong>et</strong></span> <span class='ocrx_word' id='word_1_130' title='bbox 436 1552 582 1605; x_wconf 89' lang='lat' dir='ltr'><strong>natis</strong></span> <span class='ocrx_word' id='word_1_131' title='bbox 616 1551 748 1604; x_wconf 86' lang='lat' dir='ltr'><strong>eius&#39;</strong></span> <span class='ocrx_word' id='word_1_132' title='bbox 782 1554 836 1605; x_wconf 89' lang='lat' dir='ltr'><strong>et</strong></span> <span class='ocrx_word' id='word_1_133' title='bbox 869 1552 1164 1621; x_wconf 90' lang='lat' dir='ltr'><strong>sequentis:</strong></span> <span class='ocrx_word' id='word_1_134' title='bbox 1209 1551 1409 1604; x_wconf 70' lang='lat' dir='ltr'><strong>‘senior</strong></span> <span class='ocrx_word' id='word_1_135' title='bbox 1441 1549 1571 1604; x_wconf 86' lang='lat' dir='ltr'><strong>Caio</strong></span> <span class='ocrx_word' id='word_1_136' title='bbox 1605 1551 1764 1604; x_wconf 89' lang='lat' dir='ltr'><strong>caris-</strong></span> 
     </span>
     <span class='ocr_line' id='line_1_20' title="bbox 73 1625 1763 1695; baseline -0.001 -17"><span class='ocrx_word' id='word_1_137' title='bbox 73 1625 208 1679; x_wconf 91' lang='lat' dir='ltr'><strong>simo</strong></span> <span class='ocrx_word' id='word_1_138' title='bbox 248 1643 406 1694; x_wconf 90' lang='lat' dir='ltr'><strong>quem</strong></span> <span class='ocrx_word' id='word_1_139' title='bbox 440 1643 539 1695; x_wconf 87' lang='lat' dir='ltr'><strong>ego</strong></span> <span class='ocrx_word' id='word_1_140' title='bbox 582 1625 748 1695; x_wconf 85' lang='lat' dir='ltr'><strong>diligo</strong></span> <span class='ocrx_word' id='word_1_141' title='bbox 780 1627 836 1679; x_wconf 89' lang='lat' dir='ltr'><strong>in</strong></span> <span class='ocrx_word' id='word_1_142' title='bbox 867 1625 1131 1695; x_wconf 85' lang='lat' dir='ltr'><strong>veritate&#39;,</strong></span> <span class='ocrx_word' id='word_1_143' title='bbox 1170 1625 1429 1678; x_wconf 89' lang='lat' dir='ltr'><strong>Iohannis</strong></span> <span class='ocrx_word' id='word_1_144' title='bbox 1460 1625 1763 1694; x_wconf 86' lang='lat' dir='ltr'><strong>presbyteri</strong></span> 
     </span>
     <span class='ocr_line' id='line_1_21' title="bbox 73 1699 1765 1769; baseline 0 -18"><span class='ocrx_word' id='word_1_145' title='bbox 73 1702 405 1764; x_wconf 76' lang='lat' dir='ltr'><strong>asseruntur,</strong></span> <span class='ocrx_word' id='word_1_146' title='bbox 454 1700 603 1752; x_wconf 92' lang='lat' dir='ltr'><strong>cuius</strong></span> <span class='ocrx_word' id='word_1_147' title='bbox 661 1702 715 1752; x_wconf 92' lang='lat' dir='ltr'><strong>et</strong></span> <span class='ocrx_word' id='word_1_148' title='bbox 766 1700 926 1753; x_wconf 90' lang='lat' dir='ltr'><strong>hodie</strong></span> <span class='ocrx_word' id='word_1_149' title='bbox 983 1701 1211 1752; x_wconf 89' lang='lat' dir='ltr'><strong>alterum</strong></span> <span class='ocrx_word' id='word_1_150' title='bbox 1267 1699 1568 1769; x_wconf 89' lang='lat' dir='ltr'><strong>sepulcrum</strong></span> <span class='ocrx_word' id='word_1_151' title='bbox 1625 1699 1765 1768; x_wconf 90' lang='lat' dir='ltr'><strong>apud</strong></span> 
     </span>
     <span class='ocr_line' id='line_1_22' title="bbox 71 1773 1764 1843; baseline -0.001 -17"><span class='ocrx_word' id='word_1_152' title='bbox 71 1773 351 1843; x_wconf 88' lang='lat' dir='ltr'><strong>Ephesum</strong></span> <span class='ocrx_word' id='word_1_153' title='bbox 385 1774 711 1843; x_wconf 72' lang='lat' dir='ltr'><strong>ostenditur,</strong></span> <span class='ocrx_word' id='word_1_154' title='bbox 747 1777 800 1826; x_wconf 87' lang='lat' dir='ltr'><strong>et</strong></span> <span class='ocrx_word' id='word_1_155' title='bbox 822 1775 1070 1827; x_wconf 88' lang='lat' dir='ltr'><strong>nonnulli</strong></span> <span class='ocrx_word' id='word_1_156' title='bbox 1094 1777 1291 1843; x_wconf 89' lang='lat' dir='ltr'><strong>putant</strong></span> <span class='ocrx_word' id='word_1_157' title='bbox 1317 1773 1449 1826; x_wconf 89' lang='lat' dir='ltr'><strong>duas</strong></span> <span class='ocrx_word' id='word_1_158' title='bbox 1474 1773 1764 1825; x_wconf 89' lang='lat' dir='ltr'><strong>memorias</strong></span> 
     </span>
     <span class='ocr_line' id='line_1_23' title="bbox 72 1847 1764 1919; baseline -0.001 -18"><span class='ocrx_word' id='word_1_159' title='bbox 72 1848 309 1901; x_wconf 88' lang='lat' dir='ltr'><strong>eiusdem</strong></span> <span class='ocrx_word' id='word_1_160' title='bbox 340 1847 598 1901; x_wconf 90' lang='lat' dir='ltr'><strong>Iohannis</strong></span> <span class='ocrx_word' id='word_1_161' title='bbox 633 1849 993 1918; x_wconf 86' lang='lat' dir='ltr'><strong>evangelistae</strong></span> <span class='ocrx_word' id='word_1_162' title='bbox 1037 1866 1178 1919; x_wconf 79' lang='lat' dir='ltr'><strong>esse3</strong></span> <span class='ocrx_word' id='word_1_163' title='bbox 1219 1865 1379 1916; x_wconf 89' lang='lat' dir='ltr'><strong>super</strong></span> <span class='ocrx_word' id='word_1_164' title='bbox 1418 1865 1524 1916; x_wconf 90' lang='lat' dir='ltr'><strong>qua</strong></span> <span class='ocrx_word' id='word_1_165' title='bbox 1554 1865 1610 1899; x_wconf 89' lang='lat' dir='ltr'><strong>re</strong></span> <span class='ocrx_word' id='word_1_166' title='bbox 1646 1865 1764 1899; x_wconf 91' lang='lat' dir='ltr'><strong>cum</strong></span> 
     </span>
     <span class='ocr_line' id='line_1_24' title="bbox 74 1920 1765 1990; baseline -0.001 -16"><span class='ocrx_word' id='word_1_167' title='bbox 74 1922 142 1974; x_wconf 91' lang='lat' dir='ltr'><strong>ad</strong></span> <span class='ocrx_word' id='word_1_168' title='bbox 180 1921 409 1990; x_wconf 88' lang='lat' dir='ltr'><strong>Papiam</strong></span> <span class='ocrx_word' id='word_1_169' title='bbox 451 1921 752 1975; x_wconf 86' lang='lat' dir='ltr'><strong>auditorem</strong></span> <span class='ocrx_word' id='word_1_170' title='bbox 794 1922 907 1975; x_wconf 85' lang='lat' dir='ltr'><strong>eius</strong></span> <span class='ocrx_word' id='word_1_171' title='bbox 947 1925 1166 1975; x_wconf 89' lang='lat' dir='ltr'><strong>ventum</strong></span> <span class='ocrx_word' id='word_1_172' title='bbox 1204 1922 1389 1990; x_wconf 85' lang='lat' dir='ltr'><strong>fuerit,</strong></span> <span class='ocrx_word' id='word_1_173' title='bbox 1430 1920 1765 1974; x_wconf 70' lang='lat' dir='ltr'><strong>disseremus</strong></span> 
     </span>
     <span class='ocr_line' id='line_1_25' title="bbox 77 1993 1765 2066; baseline -0.001 -18"><span class='ocrx_word' id='word_1_174' title='bbox 77 1995 280 2058; x_wconf 82' lang='lat' dir='ltr'><strong>Quarto</strong></span> <span class='ocrx_word' id='word_1_175' title='bbox 337 1996 541 2048; x_wconf 89' lang='lat' dir='ltr'><strong>decimo</strong></span> <span class='ocrx_word' id='word_1_176' title='bbox 595 1996 763 2066; x_wconf 89' lang='lat' dir='ltr'><strong>igitur</strong></span> <span class='ocrx_word' id='word_1_177' title='bbox 817 2014 958 2049; x_wconf 86' lang='lat' dir='ltr'><strong>anno</strong></span> <span class='ocrx_word' id='word_1_178' title='bbox 1015 1995 1303 2049; x_wconf 86' lang='lat' dir='ltr'><strong>secundam</strong></span> <span class='ocrx_word' id='word_1_179' title='bbox 1356 1997 1481 2064; x_wconf 87' lang='lat' dir='ltr'><strong>post</strong></span> <span class='ocrx_word' id='word_1_180' title='bbox 1533 1993 1765 2048; x_wconf 87' lang='lat' dir='ltr'><strong>Neronis</strong></span> 
     </span>
     <span class='ocr_line' id='line_1_26' title="bbox 77 2069 1765 2138; baseline -0.001 -16"><span class='ocrx_word' id='word_1_181' title='bbox 77 2070 504 2138; x_wconf 89' lang='lat' dir='ltr'><strong>persecutionem</strong></span> <span class='ocrx_word' id='word_1_182' title='bbox 543 2072 792 2123; x_wconf 87' lang='lat' dir='ltr'><strong>movente</strong></span> <span class='ocrx_word' id='word_1_183' title='bbox 827 2069 1143 2124; x_wconf 89' lang='lat' dir='ltr'><strong>Domitiano</strong></span> <span class='ocrx_word' id='word_1_184' title='bbox 1183 2070 1241 2122; x_wconf 93' lang='lat' dir='ltr'><strong>in</strong></span> <span class='ocrx_word' id='word_1_185' title='bbox 1273 2069 1495 2122; x_wconf 90' lang='lat' dir='ltr'><strong>Patmos</strong></span> <span class='ocrx_word' id='word_1_186' title='bbox 1533 2069 1765 2121; x_wconf 88' lang='lat' dir='ltr'><strong>insulam</strong></span> 
     </span>
     <span class='ocr_line' id='line_1_27' title="bbox 77 2144 1767 2214; baseline -0.002 -17"><span class='ocrx_word' id='word_1_187' title='bbox 77 2144 348 2213; x_wconf 89' lang='lat' dir='ltr'><strong>relegatus</strong></span> <span class='ocrx_word' id='word_1_188' title='bbox 404 2144 620 2212; x_wconf 88' lang='lat' dir='ltr'><strong>scripsit</strong></span> <span class='ocrx_word' id='word_1_189' title='bbox 672 2144 1068 2214; x_wconf 82' lang='lat' dir='ltr'><strong>Apocalypsin,</strong></span> <span class='ocrx_word' id='word_1_190' title='bbox 1124 2162 1284 2213; x_wconf 88' lang='lat' dir='ltr'><strong>quam</strong></span> <span class='ocrx_word' id='word_1_191' title='bbox 1346 2144 1767 2211; x_wconf 87' lang='lat' dir='ltr'><strong>interpretantur</strong></span> 
     </span>
     <span class='ocr_line' id='line_1_28' title="bbox 79 2216 974 2289; baseline 0.002 -19"><span class='ocrx_word' id='word_1_192' title='bbox 79 2216 328 2271; x_wconf 89' lang='lat' dir='ltr'><strong>Justinus</strong></span> <span class='ocrx_word' id='word_1_193' title='bbox 368 2221 576 2289; x_wconf 88' lang='lat' dir='ltr'><strong>martyr</strong></span> <span class='ocrx_word' id='word_1_194' title='bbox 614 2221 668 2270; x_wconf 93' lang='lat' dir='ltr'><strong>et</strong></span> <span class='ocrx_word' id='word_1_195' title='bbox 704 2217 974 2272; x_wconf 67' lang='lat' dir='ltr'><strong>Irenaeus</strong></span> 
     </span>
    </p>

    <p class='ocr_par' dir='ltr' id='par_1_4' title="bbox 71 2290 1768 2422">
     <span class='ocr_line' id='line_1_29' title="bbox 222 2290 1766 2346; baseline -0.001 -2"><span class='ocrx_word' id='word_1_196' title='bbox 222 2292 511 2346; x_wconf 87' lang='lat' dir='ltr'><strong>Interfecto</strong></span> <span class='ocrx_word' id='word_1_197' title='bbox 573 2295 753 2345; x_wconf 90' lang='lat' dir='ltr'><strong>autem</strong></span> <span class='ocrx_word' id='word_1_198' title='bbox 814 2292 1127 2346; x_wconf 91' lang='lat' dir='ltr'><strong>Domitiano</strong></span> <span class='ocrx_word' id='word_1_199' title='bbox 1198 2295 1252 2344; x_wconf 89' lang='lat' dir='ltr'><strong>et</strong></span> <span class='ocrx_word' id='word_1_200' title='bbox 1324 2291 1459 2343; x_wconf 85' lang='lat' dir='ltr'><strong>actis</strong></span> <span class='ocrx_word' id='word_1_201' title='bbox 1525 2290 1636 2343; x_wconf 89' lang='lat' dir='ltr'><strong>eius</strong></span> <span class='ocrx_word' id='word_1_202' title='bbox 1699 2290 1766 2342; x_wconf 90' lang='lat' dir='ltr'><strong>ob</strong></span> 
     </span>
     <span class='ocr_line' id='line_1_30' title="bbox 71 2363 1768 2422; baseline -0.004 0"><span class='ocrx_word' id='word_1_203' title='bbox 71 2367 295 2422; x_wconf 77' lang='lat' dir='ltr'><strong>nimiam</strong></span> <span class='ocrx_word' id='word_1_204' title='bbox 358 2367 728 2420; x_wconf 87' lang='lat' dir='ltr'><strong>crudelitatem</strong></span> <span class='ocrx_word' id='word_1_205' title='bbox 793 2386 824 2419; x_wconf 90' lang='lat' dir='ltr'><strong>a</strong></span> <span class='ocrx_word' id='word_1_206' title='bbox 879 2370 1069 2420; x_wconf 88' lang='lat' dir='ltr'><strong>senatu</strong></span> <span class='ocrx_word' id='word_1_207' title='bbox 1130 2366 1371 2419; x_wconf 89' lang='lat' dir='ltr'><strong>rescissis</strong></span> <span class='ocrx_word' id='word_1_208' title='bbox 1434 2364 1533 2418; x_wconf 88' lang='lat' dir='ltr'><strong>sub</strong></span> <span class='ocrx_word' id='word_1_209' title='bbox 1586 2363 1768 2417; x_wconf 89' lang='lat' dir='ltr'><strong>Nerva</strong></span> 
     </span>
    </p>
   </div>
   <div class='ocr_carea' id='block_1_3' title="bbox 74 2537 1767 2954">
    <p class='ocr_par' dir='ltr' id='par_1_5' title="bbox 74 2537 1767 2954">
     <span class='ocr_line' id='line_1_31' title="bbox 194 2537 1766 2587; baseline -0.004 0"><span class='ocrx_word' id='word_1_210' title='bbox 194 2547 216 2587; x_wconf 88' lang='lat'>1</span> <span class='ocrx_word' id='word_1_211' title='bbox 250 2541 413 2587; x_wconf 91' lang='lat' dir='ltr'><strong>Bamb.</strong></span> <span class='ocrx_word' id='word_1_212' title='bbox 447 2543 494 2586; x_wconf 87' lang='lat' dir='ltr'><strong>et</strong></span> <span class='ocrx_word' id='word_1_213' title='bbox 523 2542 755 2586; x_wconf 85' lang='lat' dir='ltr'><strong>Norimb.:</strong></span> <span class='ocrx_word' id='word_1_214' title='bbox 796 2540 973 2586; x_wconf 86' lang='lat' dir='ltr'><strong>edicere</strong></span> <span class='ocrx_word' id='word_1_215' title='bbox 1104 2546 1156 2584; x_wconf 90' lang='grc'><strong>12</strong></span> <span class='ocrx_word' id='word_1_216' title='bbox 1189 2541 1306 2585; x_wconf 88' lang='lat' dir='ltr'><strong>haec</strong></span> <span class='ocrx_word' id='word_1_217' title='bbox 1337 2539 1478 2584; x_wconf 87' lang='lat' dir='ltr'><strong>verba</strong></span> <span class='ocrx_word' id='word_1_218' title='bbox 1510 2538 1681 2583; x_wconf 90' lang='lat' dir='ltr'><strong>desunt</strong></span> <span class='ocrx_word' id='word_1_219' title='bbox 1718 2537 1766 2581; x_wconf 92' lang='lat' dir='ltr'><strong>in</strong></span> 
     </span>
     <span class='ocr_line' id='line_1_32' title="bbox 74 2596 1767 2647; baseline -0.004 -1"><span class='ocrx_word' id='word_1_220' title='bbox 74 2601 181 2646; x_wconf 90' lang='lat' dir='ltr'><strong>Vat.</strong></span> <span class='ocrx_word' id='word_1_221' title='bbox 306 2606 360 2644; x_wconf 83' lang='lat'><strong>14</strong></span> <span class='ocrx_word' id='word_1_222' title='bbox 391 2599 553 2647; x_wconf 87' lang='lat' dir='ltr'><strong>Bamb.</strong></span> <span class='ocrx_word' id='word_1_223' title='bbox 590 2603 638 2646; x_wconf 90' lang='lat' dir='ltr'><strong>et</strong></span> <span class='ocrx_word' id='word_1_224' title='bbox 668 2600 878 2646; x_wconf 88' lang='lat' dir='ltr'><strong>Norimb.</strong></span> <span class='ocrx_word' id='word_1_225' title='bbox 912 2601 960 2644; x_wconf 86' lang='lat' dir='ltr'><strong>et</strong></span> <span class='ocrx_word' id='word_1_226' title='bbox 988 2600 1145 2644; x_wconf 90' lang='lat' dir='ltr'><strong>Bern.:</strong></span> <span class='ocrx_word' id='word_1_227' title='bbox 1183 2598 1330 2644; x_wconf 90' lang='lat' dir='ltr'><strong>oculis</strong></span> <span class='ocrx_word' id='word_1_228' title='bbox 1361 2598 1531 2643; x_wconf 87' lang='lat' dir='ltr'><strong>nostris</strong></span> <span class='ocrx_word' id='word_1_229' title='bbox 1564 2596 1767 2642; x_wconf 84' lang='lat' dir='ltr'><strong>vidimus</strong></span> 
     </span>
     <span class='ocr_line' id='line_1_33' title="bbox 77 2655 1766 2717; baseline -0.004 -11"><span class='ocrx_word' id='word_1_230' title='bbox 77 2666 131 2706; x_wconf 85' lang='lat'><strong>15</strong></span> <span class='ocrx_word' id='word_1_231' title='bbox 155 2660 340 2705; x_wconf 89' lang='lat' dir='ltr'><strong>Bamb.:</strong></span> <span class='ocrx_word' id='word_1_232' title='bbox 365 2662 735 2717; x_wconf 83' lang='lat' dir='ltr'><strong>temptaverunt3</strong></span> <span class='ocrx_word' id='word_1_233' title='bbox 761 2661 843 2704; x_wconf 84' lang='lat' dir='ltr'><strong>aL:</strong></span> <span class='ocrx_word' id='word_1_234' title='bbox 869 2660 1275 2704; x_wconf 86' lang='lat' dir='ltr'><strong>contrectaverunt</strong></span> <span class='ocrx_word' id='word_1_235' title='bbox 1373 2662 1429 2702; x_wconf 89' lang='grc'><strong>20</strong></span> <span class='ocrx_word' id='word_1_236' title='bbox 1453 2657 1582 2702; x_wconf 87' lang='lat' dir='ltr'><strong>Vat.:</strong></span> <span class='ocrx_word' id='word_1_237' title='bbox 1607 2655 1766 2700; x_wconf 88' lang='lat' dir='ltr'><strong>hodie-</strong></span> 
     </span>
     <span class='ocr_line' id='line_1_34' title="bbox 76 2714 1767 2778; baseline -0.004 -13"><span class='ocrx_word' id='word_1_238' title='bbox 76 2734 165 2778; x_wconf 90' lang='lat' dir='ltr'><strong>que</strong></span> <span class='ocrx_word' id='word_1_239' title='bbox 286 2725 341 2764; x_wconf 83' lang='lat'><strong>22</strong></span> <span class='ocrx_word' id='word_1_240' title='bbox 375 2719 458 2764; x_wconf 86' lang='lat' dir='ltr'><strong>alii</strong></span> <span class='ocrx_word' id='word_1_241' title='bbox 489 2720 668 2764; x_wconf 86' lang='lat' dir='ltr'><strong>addunt</strong></span> <span class='ocrx_word' id='word_1_242' title='bbox 697 2720 806 2776; x_wconf 88' lang='lat' dir='ltr'><strong>post</strong></span> <span class='ocrx_word' id='word_1_243' title='bbox 836 2733 960 2763; x_wconf 91' lang='lat' dir='ltr'><strong>cum:</strong></span> <span class='ocrx_word' id='word_1_244' title='bbox 1001 2732 1085 2775; x_wconf 87' lang='lat' dir='ltr'><strong>per</strong></span> <span class='ocrx_word' id='word_1_245' title='bbox 1117 2717 1327 2763; x_wconf 87' lang='lat' dir='ltr'><strong>ordinem</strong></span> <span class='ocrx_word' id='word_1_246' title='bbox 1448 2721 1503 2760; x_wconf 92' lang='grc'><strong>23</strong></span> <span class='ocrx_word' id='word_1_247' title='bbox 1521 2714 1650 2760; x_wconf 89' lang='lat' dir='ltr'><strong>Vat.:</strong></span> <span class='ocrx_word' id='word_1_248' title='bbox 1685 2715 1767 2758; x_wconf 90' lang='lat' dir='ltr'><strong>ad-</strong></span> 
     </span>
     <span class='ocr_line' id='line_1_35' title="bbox 74 2774 1767 2833; baseline -0.005 -9"><span class='ocrx_word' id='word_1_249' title='bbox 74 2781 274 2824; x_wconf 88' lang='lat' dir='ltr'><strong>iutorem</strong></span> <span class='ocrx_word' id='word_1_250' title='bbox 382 2783 439 2822; x_wconf 82' lang='lat'><strong>24</strong></span> <span class='ocrx_word' id='word_1_251' title='bbox 463 2779 545 2824; x_wconf 82' lang='lat' dir='ltr'><strong>aL:</strong></span> <span class='ocrx_word' id='word_1_252' title='bbox 571 2778 825 2824; x_wconf 87' lang='lat' dir='ltr'><strong>secundum</strong></span> <span class='ocrx_word' id='word_1_253' title='bbox 910 2776 1073 2822; x_wconf 90' lang='lat' dir='ltr'><strong>Bamb.</strong></span> <span class='ocrx_word' id='word_1_254' title='bbox 1093 2779 1142 2822; x_wconf 88' lang='lat' dir='ltr'><strong>et</strong></span> <span class='ocrx_word' id='word_1_255' title='bbox 1157 2776 1388 2822; x_wconf 83' lang='lat' dir='ltr'><strong>Norimb.:</strong></span> <span class='ocrx_word' id='word_1_256' title='bbox 1413 2775 1518 2833; x_wconf 81' lang='lat' dir='ltr'><strong>post</strong></span> <span class='ocrx_word' id='word_1_257' title='bbox 1532 2774 1767 2818; x_wconf 86' lang='lat' dir='ltr'><strong>Neronem</strong></span> 
     </span>
     <span class='ocr_line' id='line_1_36' title="bbox 76 2833 1764 2895; baseline -0.004 -12"><span class='ocrx_word' id='word_1_258' title='bbox 76 2843 131 2883; x_wconf 90' lang='grc'><strong>25</strong></span> <span class='ocrx_word' id='word_1_259' title='bbox 164 2839 294 2883; x_wconf 80' lang='lat' dir='ltr'><strong>Vat.:</strong></span> <span class='ocrx_word' id='word_1_260' title='bbox 341 2838 529 2895; x_wconf 86' lang='lat' dir='ltr'><strong>Paphos</strong></span> <span class='ocrx_word' id='word_1_261' title='bbox 679 2842 736 2882; x_wconf 82' lang='lat'><strong>26</strong></span> <span class='ocrx_word' id='word_1_262' title='bbox 768 2837 999 2883; x_wconf 65' lang='lat' dir='ltr'><strong>Norimh:</strong></span> <span class='ocrx_word' id='word_1_263' title='bbox 1048 2850 1189 2893; x_wconf 87' lang='lat' dir='ltr'><strong>quam</strong></span> <span class='ocrx_word' id='word_1_264' title='bbox 1230 2833 1662 2892; x_wconf 86' lang='lat' dir='ltr'><strong>interpretationem</strong></span> <span class='ocrx_word' id='word_1_265' title='bbox 1710 2858 1764 2863; x_wconf 88' lang='lat'><strong>——</strong></span> 
     </span>
     <span class='ocr_line' id='line_1_37' title="bbox 76 2892 1766 2954; baseline -0.004 -12"><span class='ocrx_word' id='word_1_266' title='bbox 76 2897 224 2942; x_wconf 83' lang='lat' dir='ltr'><strong>secuti</strong></span> <span class='ocrx_word' id='word_1_267' title='bbox 255 2899 362 2942; x_wconf 79' lang='lat' dir='ltr'><strong>sunt</strong></span> <span class='ocrx_word' id='word_1_268' title='bbox 489 2903 544 2942; x_wconf 89' lang='grc'><strong>29</strong></span> <span class='ocrx_word' id='word_1_269' title='bbox 584 2897 654 2942; x_wconf 88' lang='lat' dir='ltr'><strong>ita</strong></span> <span class='ocrx_word' id='word_1_270' title='bbox 686 2896 911 2954; x_wconf 84' lang='lat' dir='ltr'><strong>(Bamb.);</strong></span> <span class='ocrx_word' id='word_1_271' title='bbox 944 2898 991 2941; x_wconf 86' lang='lat' dir='ltr'><strong>et</strong></span> <span class='ocrx_word' id='word_1_272' title='bbox 1020 2895 1233 2941; x_wconf 85' lang='lat' dir='ltr'><strong>Norimb.</strong></span> <span class='ocrx_word' id='word_1_273' title='bbox 1250 2895 1380 2940; x_wconf 89' lang='lat' dir='ltr'><strong>Vat.:</strong></span> <span class='ocrx_word' id='word_1_274' title='bbox 1414 2893 1499 2937; x_wconf 86' lang='lat' dir='ltr'><strong>sub</strong></span> <span class='ocrx_word' id='word_1_275' title='bbox 1530 2892 1766 2949; x_wconf 88' lang='lat' dir='ltr'><strong>pertinace</strong></span> 
     </span>
    </p>
   </div>
   <div class='ocr_carea' id='block_1_4' title="bbox 1798 973 1851 1012">
    <p class='ocr_par' dir='ltr' id='par_1_6' title="bbox 1798 973 1851 1012">
     <span class='ocr_line' id='line_1_38' title="bbox 1798 973 1851 1012; baseline 0.019 -1"><span class='ocrx_word' id='word_1_276' title='bbox 1798 973 1851 1012; x_wconf 89' lang='lat'><strong>10</strong></span> 
     </span>
    </p>
   </div>
   <div class='ocr_carea' id='block_1_5' title="bbox 1799 1340 1851 1380">
    <p class='ocr_par' dir='ltr' id='par_1_7' title="bbox 1799 1340 1851 1380">
     <span class='ocr_line' id='line_1_39' title="bbox 1799 1340 1851 1380; baseline 0 0"><span class='ocrx_word' id='word_1_277' title='bbox 1799 1340 1851 1380; x_wconf 85' lang='lat'><strong>15</strong></span> 
     </span>
    </p>
   </div>
   <div class='ocr_carea' id='block_1_6' title="bbox 1797 1711 1852 1751">
    <p class='ocr_par' dir='ltr' id='par_1_8' title="bbox 1797 1711 1852 1751">
     <span class='ocr_line' id='line_1_40' title="bbox 1797 1711 1852 1751; baseline 0.018 -1"><span class='ocrx_word' id='word_1_278' title='bbox 1797 1711 1852 1751; x_wconf 84' lang='lat'><strong>20</strong></span> 
     </span>
    </p>
   </div>
   <div class='ocr_carea' id='block_1_7' title="bbox 1799 2079 1853 2119">
    <p class='ocr_par' dir='ltr' id='par_1_9' title="bbox 1799 2079 1853 2119">
     <span class='ocr_line' id='line_1_41' title="bbox 1799 2079 1853 2119; baseline -0.019 0"><span class='ocrx_word' id='word_1_279' title='bbox 1799 2079 1853 2119; x_wconf 83' lang='lat'><strong>25</strong></span> 
     </span>
    </p>
   </div>
  </div>
 </body>
</html>
