1974 3192
827 151 1238 230 ‘-48-

217 294 270 344 et
326 291 508 345 decem
561 293 712 345 libris
753 292 845 346 ede
893 293 1264 348 arithmeticae
1311 295 1775 350 institutionibus'
1822 297 1903 350 in-

215 365 457 434 telligere
495 383 798 433 possumus,

814 546 950 621 Cap.
999 546 1305 606 LXXIV.

362 673 700 745 VictorinuS,
747 676 1158 730 Petabionensis
1215 678 1523 747 episcopm,
1575 696 1685 732 non
1735 696 1901 749 aeque

155 765 181 803 5
214 748 382 800 latine
433 752 494 800 ut
545 766 734 818 graece
785 748 1053 804 noverat(
1099 750 1258 804 Unde
1313 769 1476 820 opera
1523 752 1636 805 eius
1675 752 1902 823 grandia

215 822 462 874 sensibus
487 822 682 876 viliora
705 824 954 877 videntur
979 825 1371 893 compositione
1396 827 1699 879 verborum.
1763 825 1902 879 Sunt

214 898 394 949 autem
433 895 590 949 haec:

361 968 754 1023 ‘commentarii
794 973 850 1023 in
892 970 1168 1041 Genesim,
1207 973 1264 1025 in
1299 972 1569 1043 Exodum,
1608 973 1666 1026 in
1695 972 1898 1027 Leviti-

212 1060 360 1112 cum,
406 1043 462 1095 in
509 1043 755 1114 Esaiam,
801 1046 858 1096 in
903 1045 1174 1115 Ezechiel,
1219 1046 1277 1098 in
1317 1046 1560 1116 Abacuc,
1610 1048 1668 1099 in
1713 1046 1898 1100 Eccle-

125 1132 180 1172 10
213 1116 439 1186 siasten,
478 1118 536 1170 in
569 1117 852 1171 Canticum
885 1116 1257 1189 Canticorum,
1295 1120 1353 1172 in
1390 1119 1775 1190 Apocalypsim
1813 1119 1897 1174 Io-

210 1189 439 1260 hannis,'
479 1190 782 1244 ‘adversum
823 1210 1006 1245 omnes
1045 1193 1298 1262 hereses',
1339 1197 1393 1246 et
1429 1195 1601 1247 multa
1639 1195 1761 1248 alia.

358 1265 444 1331 Ad
485 1268 781 1318 extremum
820 1267 1080 1336 martyrio
1121 1270 1405 1321 coronatus
1439 1270 1543 1321 est.

831 1462 965 1537 cap.
1012 1462 1280 1522 LXXV.

355 1590 672 1660 Pamphilus
698 1593 994 1662 presbyter,
1017 1592 1243 1646 Eusebii
1268 1591 1632 1646 Caesariensis
1657 1591 1897 1662 episcopi

121 1677 176 1718 15
209 1666 561 1735 necessarius,
592 1668 745 1720 tanto
778 1666 1140 1720 bibliothecae
1172 1667 1383 1720 divinae
1417 1684 1598 1720 amore
1629 1666 1897 1737 flagravit,

207 1741 268 1790 ut
313 1739 604 1792 maximam
653 1743 861 1809 partem
901 1740 1154 1811 Origenis
1200 1741 1534 1794 voluminum
1589 1758 1686 1793 sua
1731 1758 1897 1794 manu

207 1812 572 1883 descripserit,
617 1832 753 1883 quae
799 1832 970 1884 usque
1018 1815 1177 1868 hodie
1223 1815 1280 1867 in
1328 1814 1663 1869 Caesariensi
1701 1814 1894 1868 biblio-

205 1886 364 1939 theca
416 1887 697 1941 habentur.
787 1887 891 1941 Sed
945 1890 1003 1941 in
1057 1889 1335 1942 duodecim
1391 1888 1684 1958 prophetas
1739 1887 1894 1941 XXV

207 1958 519 2029 ἐξηγήσεων
559 1961 806 2032 Origenis
856 1981 1022 2015 manu
1062 1963 1174 2016 eius
1215 1967 1437 2016 exarata
1473 1962 1711 2032 repperi,
1758 1981 1893 2032 quae

117 2049 174 2089 20
206 2037 360 2087 tanto
409 2036 686 2104 amplexor
734 2040 787 2088 et
836 2055 988 2090 servo
1037 2036 1258 2107 gaudiO,
1303 2039 1366 2089 ut
1404 2035 1591 2090 Croesi
1631 2053 1760 2105 opes
1799 2036 1892 2090 ha-

205 2108 329 2160 bere
376 2127 460 2161 me
507 2110 733 2162 credam.
811 2109 868 2163 Si
916 2111 1059 2162 enim
1106 2111 1316 2164 laetitia
1367 2114 1450 2163 est
1485 2128 1651 2163 unam
1690 2110 1887 2179 epistu-

203 2181 313 2233 lam
344 2182 542 2235 habere
575 2185 853 2253 martyris,
885 2187 1087 2253 quanto
1120 2185 1297 2255 magis
1329 2188 1413 2247 tot
1443 2184 1595 2236 milia
1626 2192 1901 2253 versuum,

208 2273 343 2324 quae
382 2257 514 2309 mihi
553 2258 765 2310 videtur
806 2259 1049 2329 signasse
1091 2259 1174 2311 sui
1213 2259 1493 2328 sanguinis
1532 2257 1799 2328 vestigiis!

355 2328 606 2399 Scripsit,
646 2336 935 2401 antequam
966 2331 1235 2385 Eusebius
1277 2333 1554 2396 scriberet,
1594 2332 1890 2401 apologeti-

115 2430 171 2471 25
206 2403 373 2455 ticum
411 2422 508 2473 pro
550 2404 801 2475 Origene,
850 2409 903 2458 et
940 2424 1135 2475 passus
1177 2409 1260 2459 est
1299 2405 1592 2460 Caesareae
1632 2405 1890 2459 Palaesti-

203 2494 304 2529 nae
345 2479 444 2531 sub
484 2480 852 2546 persecutione
891 2479 1186 2533 Maximini.

327 2644 348 2681 1
384 2638 546 2684 Bamb.
571 2640 620 2683 et
636 2639 867 2683 Norimb.:
900 2640 958 2684 de
991 2640 1153 2685 decem
1183 2639 1316 2684 libris
1347 2639 1673 2684 arithmeticae
1703 2639 1887 2684 institu-

205 2698 347 2742 tionis
469 2703 497 2741 4
529 2698 690 2744 Bamb.
719 2700 766 2742 et
796 2699 1027 2745 Norimb.:
1059 2698 1426 2744 Pictavionensis
1557 2702 1610 2743 18
1642 2698 1772 2743 Vat.:
1804 2698 1888 2742 ha-

204 2757 341 2801 betur
462 2757 644 2802 Bamb.:
677 2757 759 2801 sed
792 2759 840 2803 et
961 2763 1014 2802 19
1048 2758 1257 2803 Norimb.
1294 2760 1341 2803 et
1364 2757 1522 2803 Bern.:
1561 2756 1775 2816 Origenis
1806 2771 1888 2803 vo-

203 2815 382 2860 lumina
502 2822 560 2862 20
583 2816 770 2861 Bamb.:
802 2817 1060 2874 amplector
1179 2822 1235 2862 23
1260 2817 1446 2871 Bamb.:
1477 2816 1697 2862 videntur
1720 2843 1775 2856 τ-
1807 2830 1888 2862 ve-

202 2874 342 2931 stigia
464 2880 520 2921 26
552 2876 674 2930 Vat„
707 2875 868 2922 Bamb.
903 2878 951 2921 et
979 2876 1139 2922 Bern.:
1171 2875 1443 2921 Maximiani
1814 2909 1817 2912 -
