1974 3192
785 201 1185 253 ——102—

743 365 878 439 Gap.
927 363 1232 423 LXXVI.

285 478 483 531 Paulus
508 479 810 547 presbyter,
832 480 1065 548 natione,
1089 481 1149 531 ut
1174 495 1238 530 ex
1261 478 1417 531 dictis
1443 478 1554 530 eius
1579 479 1825 548 cognovi,

138 552 473 615 PannoniuS‚
523 552 738 621 scripsit
777 552 869 605 ‘de
909 553 1218 622 virginitate
1260 550 1551 605 servanda'
1592 554 1646 604 et
1683 551 1823 606 ‘con-

136 627 310 677 temtu
348 624 560 677 mundi’
618 644 678 678 ac
726 625 893 679 tvitae
943 627 1283 679 institutione
1330 626 1415 678 vel
1462 644 1671 678 morum
1710 644 1824 680 cor-

78 709 104 749 5
137 698 391 752 rectione'
439 699 695 753 mediocri
743 718 1015 769 sermone,
1063 700 1155 752 sed
1203 699 1381 752 divino
1429 700 1673 752 conditos
1714 700 1823 753 sale

138 773 272 826 duos
311 773 477 825 libros
518 773 585 826 ad
623 791 908 843 personam
949 773 1224 827 cuiusdam
1273 773 1470 826 nobilis
1513 776 1566 825 et
1606 772 1822 827 Christo

136 846 346 899 deditae
385 847 630 917 virginiS,
671 846 1066 915 Constantiam,
1097 848 1154 899 in
1194 847 1386 917 quibus
1436 847 1683 900 meminit
1731 865 1822 917 go-

134 920 362 985 viniani,
400 921 624 974 heretici
664 924 718 974 et
755 923 1094 991 voluptatum
1135 939 1196 974 ac
1230 921 1512 973 libidinum
1551 922 1824 989 praedica-

137 994 298 1063 toriS,
339 995 423 1047 cui
461 996 518 1047 in
557 998 772 1048 tantum
814 995 1145 1048 continentis
1186 997 1239 1047 et
1278 997 1458 1047 castae
1498 996 1641 1048 vitae
1672 995 1825 1060 insti-

48 1077 104 1118 10
135 1068 275 1121 tutio
317 1070 586 1122 contraria
624 1069 824 1138 fuerat,
863 1072 924 1121 ut
962 1071 1101 1122 inter
1140 1068 1443 1121 luxuriosas
1483 1070 1669 1138 epulas
1710 1070 1824 1121 ani-

133 1160 277 1194 mam
317 1146 595 1196 eructaret.

716 1280 850 1355 Cap.
899 1281 1093 1338 LXX
1105 1280 1243 1338 VII.

281 1395 489 1465 Pastor,
531 1395 826 1466 episcopm,
867 1395 1171 1464 composuit
1207 1394 1448 1447 libellum
1503 1393 1560 1446 in
1604 1393 1823 1447 modum

133 1470 368 1539 symboli
416 1487 642 1538 parvum
688 1472 862 1523 totam
907 1487 1078 1538 paene
1129 1468 1547 1521 ecclesiasticam
1601 1467 1822 1520 creduli-

45 1549 99 1589 15
132 1547 299 1597 tatem
338 1562 435 1612 per
475 1543 773 1596 sententias
812 1544 1207 1612 continentem,
1255 1543 1312 1595 in
1360 1560 1463 1611 quo
1503 1542 1645 1593 inter
1684 1544 1820 1594 cete-

131 1637 219 1671 ras
267 1617 654 1687 dissensiones,
711 1635 842 1686 quas
898 1617 1293 1686 praetermissis
1341 1618 1621 1669 auctorum
1666 1633 1820 1668 voca-

130 1692 271 1744 bulis
327 1690 792 1756 anathematizat,⁸
816 1691 1182 1744 Priscillianos
1238 1709 1359 1744 eum
1421 1691 1539 1757 ipso
1604 1692 1821 1742 auctore

132 1766 366 1818 damnat.

700 1887 834 1961 Cap.
883 1886 1077 1944 LXX
1089 1886 1265 1945 VIII.

44 2023 100 2062 20
281 2001 471 2054 Victor
504 2000 827 2070 Cartennae,
857 2001 1216 2054 Mauritaniae
1249 2001 1483 2055 civitatis
1518 2002 1820 2070 episcopus,
1879 2047 1882 2050 Α

134 2076 351 2143 scripsit
390 2076 644 2128 adversus
683 2075 918 2128 Arianos
957 2076 1155 2128 librum
1194 2093 1375 2143 unum,
1416 2078 1470 2127 et
1510 2074 1597 2128 ‘de
1636 2075 1818 2143 paeni-

131 2150 302 2202 tentia
346 2149 646 2218 publicani'
687 2149 932 2201 libellum
981 2168 1166 2217 unum,
1218 2149 1275 2200 in
1324 2167 1432 2217 quo
1481 2152 1534 2201 et
1579 2149 1818 2217 regulam
1881 2193 1884 2196 Δ

130 2223 344 2277 vivendi
382 2224 783 2292 paenitentibus
823 2224 974 2275 iuxta
1015 2223 1397 2291 scripturarum
1439 2223 1816 2276 auctoritatem

130 2298 389 2365 instituit,
431 2300 483 2349 et
522 2296 608 2349 ‘ad
641 2295 926 2349 Basilium'
969 2297 1234 2366 quendam
1274 2296 1453 2366 esuper
1491 2299 1664 2349 morte
1702 2295 1818 2348 filii'

44 2391 99 2432 25
133 2372 552 2424 consolatorium
591 2371 833 2423 libellum
874 2390 967 2440 spe
997 2371 1426 2440 resurrectionis,
1463 2371 1702 2439 perfecta
1741 2370 1818 2422 in-

133 2445 430 2498 structione
469 2445 749 2498 munitum.
827 2443 1093 2498 Homilias
1141 2445 1302 2498 etiam
1343 2444 1645 2513 composuit
1683 2444 1818 2495 mul-

251 2611 276 2650 3
310 2605 496 2649 Bamb.:
527 2604 844 2650 Pannonensis
1024 2610 1052 2648 4
1083 2604 1268 2649 Bamb.:
1302 2604 1646 2660 correptionum

133 2670 159 2708 5
191 2665 375 2709 Bamb.:
409 2664 581 2709 divino.
647 2663 866 2708 Condidit
893 2679 1016 2709 sane.
1157 2669 1181 2708 7
1214 2662 1371 2708 Bern.:
1406 2663 1707 2708 Constantiae
1739 2675 1819 2707 no-

131 2724 256 2768 mine
367 2729 421 2768 10
453 2722 610 2768 Bern.:
644 2721 826 2767 animae
857 2724 1096 2780 reputaret
1119 2721 1462 2767 beatitudinem
1572 2726 1624 2766 17
1657 2722 1816 2765 Bern.:

134 2783 337 2828 auctoris
362 2783 548 2828 nomine
671 2787 727 2826 20
760 2782 917 2827 Bern.:
943 2782 1178 2827 Catennae
1300 2786 1355 2825 22
1385 2780 1659 2838 ‘publicani'
1689 2780 1819 2824 deest

131 2842 182 2886 in
212 2841 373 2887 Bamb.
410 2843 457 2886 et
488 2842 622 2886 Bern.
745 2839 932 2887 Bamb.:
965 2841 1013 2885 in
1046 2855 1136 2898 quo
1169 2842 1216 2886 et
1245 2840 1410 2898 regula
1441 2839 1623 2884 vivendi
1658 2838 1816 2896 paeni-

131 2901 339 2946 tentibus
