1974 3192
784 353 919 426 Gap.
972 353 1282 411 XXXIV.

324 481 667 551 TheophiluS‚
677 481 1076 535 Alexandrinae
1087 482 1340 535 ecclesiae
1355 483 1652 555 episcopus,
1663 486 1879 555 scripsit

183 556 435 608 adversus
477 555 765 625 Origenem
811 574 978 608 unum
1017 559 1070 608 et
1109 555 1310 626 grande
1348 557 1622 626 volumen,
1675 559 1734 611 in
1772 577 1878 628 quo

183 630 364 682 omnia
416 647 585 697 paene
642 629 784 681 dicta
834 632 889 682 et
940 630 1118 697 ipsum
1171 630 1375 698 pariter
1422 630 1665 699 damnat,
1721 632 1881 685 simul

184 703 380 755 docens
411 720 521 755 non
553 722 585 754 a
617 720 674 755 se
699 721 820 755 eum
852 703 1101 772 primum,
1134 703 1227 756 sed
1259 703 1326 755 ab
1363 704 1598 773 antiquis
1630 705 1877 773 patribus

183 780 236 829 et
281 776 511 829 maxime
550 775 783 829 Heracla
827 776 993 829 fuisse
1032 779 1086 829 et
1134 776 1472 845 presbyterio
1519 778 1783 831 nudatum
1825 783 1880 832 et

183 850 407 903 ecclesia
429 851 641 918 pulsum
681 853 733 903 et
758 850 821 903 de
846 851 1063 904 civitate
1087 851 1357 921 fugatum3
1391 850 1483 903 sed
1518 854 1572 903 et
1595 852 1878 906 adversum

95 970 101 975 ,
183 923 752 993 anthropomorphitas
788 924 1069 993 hereticOS‚
1101 925 1192 994 qui
1223 924 1411 978 dicunt
1433 923 1609 977 Deum
1639 925 1879 979 humana

96 1085 150 1123 10

96 1452 149 1492 15

93 1822 149 1861 20

181 998 358 1067 figura
410 1001 464 1050 et
513 998 767 1050 membris
823 1000 1093 1067 constare3
1148 998 1509 1066 disputatione
1562 999 1879 1069 longissima

185 1074 239 1123 et
277 1071 580 1124 divinarum
613 1072 996 1140 scripturarum
1025 1071 1351 1125 testimoniis
1393 1089 1623 1141 arguens
1663 1076 1717 1125 et
1755 1092 1876 1127 con-

182 1146 400 1198 vincens
441 1164 532 1198 eos
573 1146 809 1199 ostendit
847 1144 1021 1197 Deum
1059 1146 1437 1214 incorporeum
1475 1146 1625 1198 iuxta
1662 1149 1879 1215 patrum

181 1219 340 1272 fidem
410 1219 732 1271 credendum
801 1237 972 1288 neque
1033 1220 1157 1271 ullis
1231 1218 1451 1272 omnino
1514 1220 1879 1274 membrorum

181 1293 523 1345 lineamentis
558 1293 934 1362 compositum,
971 1296 1026 1345 et
1065 1293 1132 1345 ob
1172 1293 1227 1345 id
1258 1292 1395 1344 nihil
1435 1293 1484 1345 ei
1521 1293 1579 1345 in
1618 1295 1878 1347 creaturis

185 1367 357 1419 simile
381 1385 477 1435 per
503 1367 878 1431 substantiam,
914 1385 1013 1419 nec
1038 1367 1287 1436 cuiquam
1310 1366 1879 1435 incorruptibilitatem

183 1441 267 1493 vel
313 1441 747 1494 immobilitatem
796 1443 890 1493 aut
936 1440 1435 1509 incorporalitatem
1490 1458 1615 1493 suae
1670 1441 1877 1495 dedisse

181 1516 430 1583 naturae3
457 1514 550 1567 sed
568 1532 682 1567 esse
709 1532 895 1566 omnes
921 1515 1309 1567 intellectuales
1334 1517 1554 1566 naturas
1580 1532 1878 1584 corporeaS‚

183 1607 369 1641 omnes
426 1588 823 1656 corruptibileS‚
879 1606 1064 1642 omnes
1119 1587 1407 1640 mutabiles
1417 1626 1433 1654 ,
1490 1590 1552 1640 ut
1595 1588 1685 1640 ille
1732 1589 1877 1642 solus

182 1661 622 1730 corruptibilitati
652 1680 764 1715 non
797 1662 1083 1715 subiaceat.
1152 1661 1468 1714 Paschalem
1501 1661 1665 1714 etiam
1703 1680 1878 1715 recur-

183 1754 323 1804 sum,
376 1754 535 1806 quem
574 1753 772 1805 magna
814 1736 955 1804 apud
993 1735 1253 1789 Nicaeam
1293 1734 1529 1802 synodus
1567 1738 1694 1803 post
1731 1735 1880 1790 XCV

183 1827 354 1862 annos
394 1811 484 1879 agi
521 1811 579 1862 in
616 1812 861 1878 tempore
903 1813 955 1862 et
995 1810 1080 1862 die
1120 1812 1174 1862 et
1212 1809 1339 1861 luna
1379 1809 1674 1861 secundum
1722 1827 1878 1862 suum

182 1887 385 1936 statum
417 1884 711 1952 invenerat,
751 1883 945 1936 additis
986 1883 1310 1953 quibusdum
1347 1883 1515 1951 ipsius
1555 1882 1872 1936 festivitatis

181 1958 483 2011 rationibus
517 1961 569 2010 et
600 1958 1043 2026 expositionibus,
1074 1956 1377 2010 Theodosio
1401 1956 1632 2025 principi
1665 1957 1877 2010 obtulit.

181 2031 315 2101 Legi
355 2035 408 2084 et
445 2035 557 2084 tres
605 2032 817 2084 libellos
858 2030 1018 2084 ‘fidei'
1059 2031 1157 2083 sub
1195 2033 1413 2084 nomine
1461 2031 1573 2082 eius
1611 2031 1877 2100 titulatos,

183 2105 296 2174 sed,
344 2106 469 2174 quia
514 2106 701 2175 lingua
746 2105 1110 2159 inconsonans
1151 2107 1254 2174 est,
1301 2122 1413 2156 non
1460 2104 1613 2156 valde
1661 2104 1876 2157 credidi.

301 2285 326 2324 2
361 2280 519 2324 Bamb.
547 2280 594 2323 et
619 2279 851 2324 Norimb.:
879 2279 1085 2324 civitatis
1206 2284 1233 2323 4
1257 2279 1421 2324 Bamb.
1448 2280 1496 2323 et
1517 2277 1750 2323 Norimb.:
1777 2278 1875 2323 eius

183 2340 310 2385 dicta
430 2338 590 2383 Bamb.
624 2340 673 2382 et
695 2339 927 2383 Norimb.:
961 2353 1015 2384 ac
1049 2338 1188 2383 simul
1308 2344 1334 2383 6
1366 2337 1528 2382 Bamb.
1563 2338 1611 2381 et
1640 2337 1875 2383 Norimb.:

182 2414 210 2443 a
234 2398 387 2455 presb.
414 2398 615 2442 eiectum
707 2404 730 2442 7
757 2398 918 2442 Bamb.
946 2400 995 2442 et
1017 2397 1251 2442 Norimb.:
1278 2397 1335 2442 de
1360 2389 1557 2442 ecclesia
1638 2395 1874 2440 Norimb.:

184 2457 467 2502 ‘adversum’
504 2470 597 2500 non
635 2456 779 2501 habet
902 2463 956 2501 10
988 2457 1171 2501 Bamb.:
1216 2456 1332 2513 disp.
1372 2457 1496 2513 long.
1543 2454 1788 2500 confutans
1829 2457 1877 2500 et
1967 2479 1970 2483 ·

182 2516 480 2570 convincens3
521 2515 752 2560 Norimb.:
786 2516 903 2573 disp.
944 2517 1069 2573 long.
1111 2516 1354 2560 confutans
1394 2517 1442 2559 et
1487 2514 1750 2558 divinarum
1789 2551 1797 2559 .
1827 2548 1838 2558 .
1865 2549 1875 2558 .

184 2580 237 2620 15
270 2577 387 2620 haec
419 2575 586 2619 desunt
615 2574 665 2618 in
688 2574 896 2620 Norimb.
1022 2581 1075 2620 18
1109 2574 1268 2618 Bamb.
1304 2575 1352 2618 et
1383 2573 1615 2618 Norimb.:
1648 2575 1694 2617 et
1725 2574 1876 2618 muta-

180 2634 358 2679 bilitati
478 2634 585 2678 Vat.
611 2633 766 2678 addit:
791 2634 870 2690 qui
898 2634 1021 2679 solus
1046 2633 1189 2678 habet
1210 2632 1614 2678 immortalitatem
1637 2633 1684 2676 et
1707 2632 1876 2686 vitam;

182 2693 414 2738 Norimb.:
434 2692 516 2749 qui
533 2693 658 2737 solus
675 2693 820 2737 habet
834 2693 1036 2737 immort.
1126 2698 1178 2737 19
1195 2692 1303 2738 Vat.
1324 2693 1371 2736 et
1388 2691 1549 2736 Bamb.
1575 2692 1623 2734 et
1645 2690 1875 2735 Norimb.:

184 2753 310 2808 quod
446 2757 501 2795 21
534 2752 579 2795 N
583 2751 765 2796 orimb.:
798 2752 1135 2797 festivitatibus
1280 2756 1335 2796 23
1368 2749 1529 2795 Bamb.
1564 2752 1612 2794 et
1642 2748 1870 2794 Norimb.=

183 2812 240 2856 de
271 2811 362 2856 fide
393 2811 536 2855 libros
