1974 3192
901 141 1264 229 —292—

237 295 495 348 dentium.
574 293 679 346 Hic
719 293 958 346 Iulianus
1001 293 1355 362 eleemosynis
1393 298 1636 364 tempore
1674 294 1832 348 famis
1872 299 1928 350 et

237 368 519 437 angustiae
551 367 924 437 indigentibus
963 366 1268 435 prorogatis
1299 368 1483 420 multis
1515 369 1928 423 miserationum

238 441 414 509 specie
475 441 742 494 nobilium
805 440 1196 508 praecipueque
1250 441 1627 510 religiosorum
1680 443 1924 496 inliciens

235 514 412 566 heresi
452 532 578 566 suae
619 514 858 567 sociavit.
919 512 1150 566 Moritur
1172 512 1578 583 Valentiniano,
1620 513 1951 569 Constantii

178 605 203 646 5
235 588 361 657 filio,
399 587 712 656 imperante.

859 664 993 740 Cap.
1048 663 1318 723 XLVII.

384 778 653 832 Lucianus
676 779 974 849 presbyter,
1006 780 1088 832 vir
1121 781 1355 843 sanctUS,
1388 779 1472 831 cui
1495 771 1756 833 revelavit
1777 778 1924 833 Deus

236 852 569 921 temporibus
608 851 841 907 Honorii
881 856 934 907 et
974 852 1266 907 Theodosii
1305 851 1702 920 Augustorum,
1747 854 1926 907 locum

237 926 466 994 sepulcri
505 929 560 979 et
590 926 938 995 reliquiarum
971 928 1211 996 corporis
1244 926 1417 979 sancti
1442 924 1728 995 Stephani,
1765 927 1927 995 primi

151 1019 206 1059 10
238 1000 516 1069 martyris,
565 1001 781 1068 scripsit
818 1001 994 1069 ipsam
1033 1001 1416 1054 revelationem
1456 1000 1523 1052 ad
1563 1001 1803 1054 omnium
1843 1018 1926 1054 ec-

241 1074 522 1127 clesiarum
560 1091 846 1143 personam
885 1073 1090 1127 Graeco
1132 1091 1389 1128 sermone.

838 1207 975 1284 cap.
1029 1210 1147 1267 XL
1161 1209 1338 1268 VIII.

383 1323 578 1378 Avitus
609 1325 902 1394 presbyter,
933 1324 1166 1394 Hispani
1204 1324 1430 1393 generiS,
1469 1326 1594 1376 ante
1632 1325 1799 1377 latam
1822 1324 1925 1377 Lu-

236 1398 377 1450 ciani
415 1398 716 1467 presbyteri
749 1399 1070 1467 scripturam
1107 1399 1165 1451 in
1203 1397 1460 1451 Latinum
1497 1398 1780 1451 transtulit
1820 1417 1925 1451 ser·
1963 1436 1964 1442 ,

148 1491 202 1532 15
235 1489 451 1524 monem
503 1474 557 1524 et
604 1472 811 1525 adiecta
859 1473 1092 1540 epistula
1140 1490 1237 1525 sua
1283 1489 1379 1541 per
1418 1471 1668 1525 Orosium
1707 1472 1927 1542 presby·

234 1547 409 1598 terum
449 1545 868 1599 occidentalibus
909 1545 1088 1599 edidit.

783 1689 792 1694 “
873 1683 1008 1756 Cap.
1063 1681 1229 1740 XLI
1225 1682 1301 1739 X.

1934 702 1957 754 ἡ

382 1797 666 1866 PaulinUS,
705 1795 878 1850 Nolae
904 1795 1231 1865 Campaniae
1273 1796 1578 1866 episcopUS,
1619 1796 1924 1866 composuit

236 1888 392 1923 versu
430 1871 636 1939 brevia,
677 1871 768 1923 sed
808 1871 1005 1939 multa3
1054 1873 1108 1922 et
1147 1870 1214 1923 ad
1254 1869 1468 1924 Celsum
1509 1870 1776 1939 quendam
1815 1869 1956 1939 epi-'

145 1967 201 2006 20
232 1944 404 2014 taphii
443 1945 556 1998 vice
596 1945 1017 1998 consolatorium
1054 1944 1300 1997 libellum
1349 1943 1536 2012 ‘super
1582 1947 1752 1997 morte
1792 1943 1926 1997 chri-

234 2018 396 2071 stiani
444 2022 497 2071 et
542 2019 803 2087 baptizati
858 2017 1101 2071 infantis'
1159 2037 1252 2086 spe
1299 2018 1593 2075 christiana
1640 2018 1923 2085 munitum,

234 2095 288 2144 et
327 2093 395 2144 ad
428 2091 682 2146 Severum
721 2093 901 2160 plures
944 2092 1199 2161 epistulas
1241 2094 1295 2144 et
1333 2091 1400 2143 ad
1428 2091 1788 2145 Theodosium
1826 2091 1922 2143 im-

232 2168 536 2234 peratorem
576 2169 701 2220 ante
735 2167 1101 2234 episcopatum
1132 2184 1294 2234 prosa
1324 2165 1710 2235 panegyricum
1744 2164 1923 2233 esuper

232 2240 459 2292 victoria
489 2238 879 2309 tyrannorum',
911 2257 972 2293 eo
1004 2240 1252 2308 maxime,
1285 2238 1426 2309 quod
1457 2239 1560 2292 fide
1593 2241 1648 2291 et
1679 2239 1922 2292 oratione

144 2335 199 2375 25
231 2314 353 2382 plus
387 2333 546 2383 quam
573 2314 735 2366 armis
767 2313 967 2366 vicerit.
1028 2313 1178 2365 Fecit
1211 2316 1264 2365 et
1296 2315 1752 2366 sacramentorum
1785 2330 1922 2380 opus

235 2390 288 2440 et
335 2388 676 2457 hymnorum.
751 2387 838 2439 Ad
888 2405 1127 2440 sororem
1174 2405 1384 2456 quoque
1425 2387 1685 2455 epistulas
1725 2386 1921 2438 multas

236 2460 318 2514 ede
358 2464 669 2530 contemptu
708 2461 912 2513 mundi'
954 2461 1123 2530 dedit,
1171 2463 1225 2513 et
1263 2462 1327 2513 de
1367 2460 1589 2514 diversis
1630 2460 1804 2512 causis
1847 2459 1921 2510 di-

235 2553 391 2588 versa
430 2535 791 2605 disputatione
829 2538 1094 2588 tractatus
1129 2535 1307 2587 edidit.
1377 2534 1702 2602 Praecipuus
1740 2536 1924 2585 tamen

353 2656 378 2695 2
411 2651 597 2697 Bamb.:
631 2650 843 2696 omnibus
877 2651 971 2695 suis
1003 2650 1268 2707 prorogatis
1432 2655 1460 2694 4
1491 2649 1679 2694 Bamb.:
1711 2648 1920 2694 Valenti-

234 2710 373 2755 niano
415 2712 462 2755 et
494 2710 767 2756 Constantio
806 2709 904 2754 filio
938 2710 1036 2754 eius
1068 2708 1409 2766 imperantibus
1534 2713 1586 2752 13
1619 2709 1805 2754 Bamb.:
1841 2706 1922 2750 Hi-

233 2783 404 2825 spanus
437 2784 606 2827 genere
733 2768 918 2813 Bamb.:
952 2769 1151 2813 relatam
1281 2773 1337 2812 14
1369 2768 1552 2812 Bamb.:
1584 2767 1921 2812 revelationem
1972 2823 1974 2825 Ι

350 2829 478 2876 Vat.:
510 2829 658 2874 latino
692 2841 902 2872 sermone
1067 2832 1120 2872 16
1153 2827 1336 2872 Bamb.:
1369 2826 1498 2870 dedit
1648 2831 1702 2869 19
1734 2825 1920 2869 Bamb.:
1971 2883 1974 2886 Α

232 2887 363 2933 brevi
508 2894 564 2933 26
595 2889 752 2933 Bern.:
784 2886 1082 2945 hymnarium
1219 2891 1273 2930 27
1307 2886 1492 2931 Bamb.:
1526 2884 1731 2930 diversos
1764 2884 1918 2940 dispu-
