1974 3192
828 229 890 236 -
971 198 1041 251 98
1116 228 1189 237 ..-

825 317 959 391 Gap.
1006 317 1207 376 LXV.

314 431 652 499 VincentiuS‚
705 431 925 484 natione
981 430 1195 500 GalluS‚
1259 433 1399 502 apud
1461 434 1847 487 monasterium

166 505 480 559 Levinensis
518 505 725 557 insulae
762 505 1061 573 presbyter,
1107 505 1189 558 vir
1233 506 1291 557 in
1330 506 1606 575 scripturis
1647 509 1848 561 sanctis

169 580 357 632 doctus
398 581 452 631 et
489 579 685 632 notitia
723 578 1206 632 ecclesiasticorum
1238 579 1553 649 dogmat'um
1585 580 1848 634 sufficien-

109 668 135 707 5
168 656 252 705 ter
282 654 593 721 instructUS‚
625 652 926 721 composuit
965 652 1032 704 ad
1064 652 1314 705 evitanda
1352 653 1712 706 hereticorum
1743 655 1848 708 col·

167 726 311 796 legia
348 726 521 779 nitido
563 726 696 779 satis
746 728 801 778 et
839 728 1025 795 aperto
1066 744 1310 778 sermone
1348 727 1734 779 validissimam
1773 727 1849 779 di-

169 800 559 869 sputationem,
599 818 759 869 quam
799 799 1062 853 absconso
1117 800 1336 852 nomine
1390 819 1485 853 suo
1539 801 1851 870 attitulavit,

170 873 467 944 ‘Peregrini
506 874 760 927 adversus
798 872 1100 926 hereticos'.
1178 872 1342 926 Cuius
1381 874 1558 942 operis
1607 875 1732 943 quia
1771 893 1849 927 se-

170 947 329 1000 cundi
376 947 502 999 libri
549 947 839 999 maximam
885 947 944 999 in
990 946 1254 999 schedulis
1301 950 1511 1016 partem
1563 966 1594 999 a
1634 947 1850 1017 quibus-

80 1035 135 1075 10
170 1021 293 1074 dam
332 1020 566 1073 furatam
605 1020 857 1089 perdidit,
895 1021 1249 1089 recapitulato
1282 1021 1395 1072 eius
1434 1021 1619 1089 paucis
1653 1039 1850 1074 sermo-

165 1095 326 1147 nibus
375 1112 534 1146 sensu
573 1094 803 1163 pristino
852 1094 1123 1163 compegit
1163 1096 1217 1146 et
1246 1094 1303 1145 in
1341 1112 1449 1146 uno
1489 1095 1629 1147 libro
1671 1095 1851 1148 edidit.

167 1168 398 1221 Moritur
435 1167 738 1221 Theodosio
779 1170 832 1219 et
870 1166 1253 1220 Valentiniano
1293 1168 1660 1237 regnantibus,

807 1317 941 1391 Cap.
989 1316 1227 1374 LXVI.

319 1431 575 1502 Syagrius
602 1432 817 1501 scripsit
849 1430 931 1483 ‘de
955 1430 1078 1483 fide'
1105 1431 1383 1484 adversum.
1406 1435 1854 1501 praesumptuosa

83 1521 137 1560 15
170 1507 528 1560 hereticorum
566 1506 852 1574 vocabula,
892 1523 1028 1574 quae
1069 1505 1135 1557 ad
1167 1505 1488 1558 destruenda
1524 1506 1609 1558 vel
1650 1505 1717 1558 ad
1754 1506 1852 1558 im-

170 1580 431 1633 mutanda
472 1582 690 1632 sanctae
723 1579 1004 1631 Trinitatis
1044 1579 1267 1631 nomina
1303 1582 1562 1648 usurpata
1601 1581 1740 1648 sunt,
1779 1579 1854 1631 di·

169 1654 404 1708 centium
442 1653 660 1706 Patrem
698 1671 809 1706 non
848 1652 1038 1705 debere
1070 1652 1286 1705 Patrem
1325 1653 1450 1721 dici,
1489 1671 1556 1705 ne
1587 1653 1646 1704 in
1676 1652 1853 1706 Patris

167 1728 386 1782 nomine
434 1726 602 1780 Filius
657 1729 936 1794 consonet,
984 1726 1077 1778 sed
1123 1726 1432 1795 Ingenitum
1487 1729 1541 1780 et
1585 1725 1854 1779 Infectum

169 1820 230 1855 ac
271 1799 584 1854 Solitarium
622 1800 1062 1868 nuncupandum,
1100 1803 1182 1869 ut,
1224 1800 1475 1869 quicquid
1513 1802 1664 1852 extra
1701 1800 1854 1852 illum

81 1889 136 1930 20
170 1877 240 1929 sit
284 1893 536 1944 persona,
583 1877 734 1926 extra
778 1874 932 1927 illum
972 1874 1043 1926 sit
1096 1876 1150 1926 et
1187 1876 1406 1942 natura,
1455 1873 1743 1926 ostendens
1800 1876 1854 1926 et

167 1949 385 2002 Patrem
424 1949 516 2018 qui
547 1948 786 2001 eiusdem
825 1951 908 2001 est
937 1950 1185 2016 naturae,
1216 1965 1375 2016 posse
1407 1947 1511 2000 dici
1541 1947 1852 2016 Ingenitum

169 2027 222 2076 et
261 2023 582 2091 scripturam
623 2022 841 2090 dixisse,
887 2040 951 2074 ex
1000 2039 1055 2074 se
1097 2021 1346 2091 genuisse
1394 2021 1452 2073 in
1497 2038 1730 2090 persona
1768 2020 1855 2072 Fi-

167 2098 323 2164 lium,
361 2114 473 2149 non
511 2096 724 2165 fecisse,
765 2098 818 2148 et
857 2114 920 2148 ex
960 2113 1016 2148 se
1053 2095 1338 2164 protulisse
1377 2095 1433 2146 in
1471 2112 1703 2163 persona
1738 2091 1853 2162 Spi-

169 2171 333 2223 ritum
366 2172 632 2239 sanctum,
663 2187 774 2222 non
806 2169 1053 2239 genuisse
1085 2187 1258 2237 neque
1290 2168 1492 2221 fecisse.
1556 2165 1664 2220 Sub
1696 2168 1855 2221 huius
1882 2193 1885 2196 ⁴

81 2257 136 2299 25
171 2242 386 2314 Syagrii
422 2243 643 2296 nomine
683 2248 889 2312 septem
929 2242 1013 2295 ‘de
1050 2243 1154 2295 fide
1195 2245 1248 2295 et
1276 2242 1476 2312 regulis
1508 2240 1648 2294 fidei'
1688 2241 1855 2295 libros

168 2318 542 2388 praetitulatos
597 2317 777 2369 inveni
831 2316 925 2370 sed
979 2317 1107 2386 quia
1163 2316 1350 2386 lingua
1399 2315 1690 2385 variantur,
1743 2333 1855 2385 non

171 2410 356 2446 omnes
397 2392 511 2444 eius
551 2390 749 2444 credidi
789 2408 919 2443 esse.
1411 2395 1414 2397 ’

790 2526 925 2601 Gap.
971 2525 1099 2585 LX
1110 2525 1248 2584 VII.

319 2641 498 2712 Isaac,
541 2642 826 2711 presbyter
870 2639 1242 2693 Antiochenae
1298 2639 1573 2707 ecclesiae,
1641 2638 1858 2708 scripsit

83 2730 139 2771 30
173 2715 307 2786 Syro
349 2731 594 2769 sermone
633 2716 800 2785 longo
837 2717 1077 2783 tempore
1128 2717 1182 2767 et
1220 2713 1414 2783 multa,
1451 2712 1738 2782 praecipua
1775 2715 1854 2765 ta-

292 2852 346 2891 10
385 2846 571 2893 Bamb.:
610 2845 937 2904 recapitulatio
981 2878 991 2888 .
1028 2880 1037 2888 .
1070 2877 1080 2887 .
1122 2858 1308 2889 sensum
1345 2843 1495 2901 primo
1678 2847 1733 2887 26
1773 2841 1850 2886 aL:

171 2906 383 2964 linguam
414 2906 600 2952 variant
720 2910 776 2950 30
807 2903 964 2950 Bern.:
995 2903 1246 2961 praecipue
1277 2905 1438 2948 tamen
1469 2902 1664 2947 obscura
