1974 3192
794 229 854 236 --
942 199 1043 251 109
1125 230 1187 238 --

832 318 966 394 Cap.
1006 321 1169 379 XCI.

300 419 636 488 Theodulus7
689 420 974 489 presbyter
1019 421 1077 473 in
1125 420 1452 491 Coelesyria,
1499 422 1670 474 multa
1716 440 1839 475 con-

152 494 430 563 scripsisse
477 493 685 562 dicitur,
734 494 826 546 sed
876 495 943 546 ad
990 514 1074 548 me
1127 495 1266 548 liber
1306 496 1418 548 eius
1459 496 1626 564 venit,
1677 513 1834 564 quem

154 567 237 620 ‘de
278 567 632 620 consonantia
671 567 883 620 divinae
917 568 1231 638 scripturae’
1273 570 1603 637 composuit,
1644 569 1699 621 id
1740 571 1837 637 est,

153 641 349 694 veteris
390 644 444 694 et
480 641 607 694 novi
645 642 976 710 testamenti,
1027 643 1311 695 adversum
1354 644 1603 711 antiquos
1642 642 1838 694 hereti·
1903 653 1928 693 5

153 733 268 783 cOS,
307 715 398 783 qui
437 716 661 783 propter
698 715 1055 768 differentiam
1093 718 1500 784 praeceptorum
1541 716 1625 768 vel
1676 716 1839 768 caeri-

154 789 457 842 moniarum
511 787 677 840 alium
731 789 926 841 veteris
982 791 1293 842 testamenti
1341 788 1516 842 Deum
1579 789 1840 856 dixerunt,

155 862 320 915 alium
373 862 517 915 novi.
615 861 681 914 In
734 880 838 930 quo
895 863 1132 915 ostendit
1194 863 1611 932 dispensationis
1671 862 1839 915 fuisse

154 936 312 988 unius
361 936 702 1005 eiusdemque
752 935 876 1004 Dei,
923 937 1157 990 auctoris
1204 937 1484 1005 utriusque
1525 936 1839 1004 scripturae,

152 1014 215 1062 ut
254 1010 360 1062 alia
397 1027 493 1078 per
530 1009 757 1077 Moysen
804 1010 1038 1079 antiquis
1088 1011 1306 1063 daretur
1351 1011 1410 1062 in
1459 1010 1839 1062 sacrificiorum
1875 1021 1929 1060 10

153 1083 489 1136 caerimoniis
516 1086 568 1136 et
591 1083 907 1135 iudiciorum
940 1084 1511 1152 animadversionibUS,
1544 1083 1651 1136 alia
1681 1083 1839 1135 nobis

158 1175 255 1226 per
293 1155 496 1210 Christi
534 1157 899 1225 praesentiam
936 1158 994 1209 in
1035 1158 1203 1210 sacris
1242 1158 1510 1226 mysteriis
1552 1160 1606 1209 et
1644 1155 1839 1208 futuris

153 1231 681 1299 repromissionibus3
736 1248 833 1282 nec
889 1231 1100 1284 diversa
1147 1232 1290 1284 credi
1337 1231 1527 1284 debere
1584 1233 1677 1283 aut
1730 1247 1843 1282 non

154 1323 263 1358 uno
304 1305 494 1374 spiritu
535 1307 589 1356 et
618 1322 724 1357 uno
765 1306 981 1357 auctore
1013 1306 1236 1374 dictata,
1276 1323 1396 1358 cum
1432 1306 1527 1357 illa
1557 1305 1665 1372 lex,
1705 1321 1840 1372 quae

156 1379 203 1431 si
225 1379 384 1432 modo
411 1378 702 1432 secundum
734 1378 971 1431 litteram
1005 1379 1330 1448 observetur,
1354 1379 1624 1447 occiderit,
1657 1377 1841 1430 eadem
1879 1388 1931 1427 15

154 1453 276 1522 ipsa
315 1453 606 1508 secundum
648 1452 946 1521 spiritalem
984 1453 1319 1506 intellectum
1358 1453 1607 1506 vivificet.

305 1526 540 1579 Moritur
576 1526 665 1578 hic
706 1527 936 1594 scriptor
973 1530 1235 1596 regnante
1275 1526 1505 1580 Zenone.

812 1648 947 1722 Cap.
994 1648 1196 1705 XCII.

306 1731 580 1801 Sidonius,
604 1731 987 1802 Arvernorum,
1019 1733 1318 1802 episcopm,
1352 1732 1568 1802 scripsit
1604 1730 1754 1784 varia
1793 1733 1845 1782 et

159 1809 315 1876 grata
369 1807 649 1876 opuscula,
704 1810 757 1860 et
818 1825 981 1860 sanae
1036 1807 1310 1860 doctrinae
1360 1806 1523 1859 homo
1580 1804 1842 1874 siquidem
1876 1815 1932 1856 20

161 1886 276 1933 tam
315 1880 507 1934 divinis
549 1898 709 1949 quam
741 1881 994 1934 humanis
1030 1881 1097 1933 ad
1127 1881 1400 1950 integrum
1432 1880 1671 1932 imbutus
1706 1896 1847 1931 acer-

162 1973 263 2024 que
314 1954 534 2024 ingenio
590 1955 810 2024 scripsit
865 1955 932 2008 ad
985 1955 1224 2008 diversos
1276 1954 1486 2006 diverso
1538 1955 1709 2005 metro
1761 1951 1848 2004 vel

162 2047 324 2098 prosa
378 2029 737 2113 compositum
793 2029 1144 2098 epistularum
1201 2029 1413 2098 insigne
1460 2027 1734 2092 volumen,
1790 2027 1849 2077 in

166 2121 293 2171 quo,
334 2102 506 2172 quid
490 2121 547 2154 m
584 2102 779 2156 litteris
811 2106 1018 2172 posset,
1058 2102 1307 2155 ostendit.
1368 2101 1573 2154 Verum
1611 2102 1669 2153 in
1695 2097 1846 2152 Chri-

166 2177 343 2229 stiano
384 2176 568 2246 vigore
608 2177 817 2246 pollens
866 2177 1028 2230 etiam
1075 2177 1216 2229 inter
1252 2176 1515 2228 barbarae
1555 2174 1847 2227 ferocitatis
1880 2184 1936 2225 25

164 2250 415 2303 duritiem
455 2268 591 2320 quae
631 2268 693 2304 eo
732 2253 976 2319 tempore
1002 2250 1186 2303 Gallos
1227 2251 1586 2318 oppresserat,
1627 2248 1847 2302 catholi-

162 2342 254 2376 cus
307 2327 462 2393 pater
524 2327 579 2377 et
641 2324 826 2378 doctor
887 2325 1117 2377 habetur
1179 2324 1426 2393 insignis.
1514 2322 1724 2375 Floruit
1787 2339 1850 2373 ea

166 2401 513 2467 tempestate,
554 2416 659 2468 qua
697 2397 806 2452 Leo
847 2401 901 2451 et
940 2398 1083 2452 Zeno
1121 2397 1384 2472 Romanis
1422 2397 1774 2466 imperabant.

789 2519 924 2594 Cap.
979 2519 1218 2577 XCIII.

310 2618 602 2689 IohanneS,
653 2619 978 2672 Antiochiae
1032 2619 1314 2688 parochiae
1369 2637 1432 2671 ex
1494 2616 1848 2688 grammatico
1882 2629 1938 2669 30

163 2693 465 2763 presbyter,
513 2694 731 2763 scripsit
778 2694 1060 2746 adversum
1099 2712 1205 2762 eOS,
1246 2692 1336 2762 qui
1385 2693 1443 2744 in
1482 2709 1592 2744 una
1636 2692 1850 2743 tantum

286 2799 311 2838 2
344 2793 506 2839 Berua
539 2794 807 2840 Theodorus
898 2794 1129 2839 Norimb.:
1162 2794 1315 2838 dicere
1414 2799 1439 2837 6
1472 2791 1703 2837 Norimb.:
1739 2790 1851 2835 ceri-

167 2852 443 2897 monialium
544 2859 596 2899 15
631 2853 788 2899 Bern.:
824 2853 1007 2898 occidat
1108 2859 1160 2898 19
1193 2854 1282 2898 hoc
1317 2854 1479 2909 caput,
1513 2851 1637 2907 quod
1666 2850 1716 2894 in
1747 2849 1852 2895 aliis

166 2911 401 2957 codicibus
431 2926 523 2957 non
554 2913 805 2969 invenitur,
835 2915 907 2957 est
937 2913 985 2956 in
1016 2912 1398 2969 Norimbergensi
1526 2915 1582 2954 23
1615 2909 1849 2954 Norimb.:
