1974 3192
792 217 855 224 —
940 187 1191 240 103—-

148 306 234 356 tas
243 346 258 373 ,
298 323 430 374 quas
456 322 488 356 a
518 304 776 357 fratribus
810 305 997 356 salutis
1029 305 1277 374 propriae
1312 305 1555 359 sollicitis
1587 306 1644 357 in
1667 305 1834 358 libros

150 377 385 448 digestas
426 378 626 431 servari
667 378 908 448 cognovi.

746 557 882 631 cap.
931 557 1240 615 LXXIX.

297 670 570 724 Voconius
595 669 907 740 Castellani,
937 671 1294 724 Mauritaniae
1327 672 1522 740 oppidi,
1554 673 1834 741 episcopus

150 745 364 813 scripsit
387 745 642 797 adversus
675 745 927 798 ecclesiae
959 745 1221 813 inimicOS,
1251 745 1479 797 Iudaeos
1513 749 1567 798 et
1589 746 1836 813 ArianOS,
1898 747 1924 787 5

150 821 204 870 et
242 818 374 871 alios
413 818 691 871 hereticos.
769 817 1085 887 Composuit
1131 819 1293 871 etiam
1341 818 1834 872 ‘sacramentorum'

150 892 426 962 egregium
463 892 719 945 libellum.

771 1055 907 1130 Cap.
956 1056 1228 1114 LXXX.

296 1170 572 1238 MusaeuS,
610 1170 966 1223 Massiliensis
1016 1172 1269 1224 ecclesiae
1315 1171 1612 1239 presbyter,
1657 1170 1742 1223 vir
1780 1171 1838 1223 in

151 1246 345 1299 divinis
394 1245 672 1314 scripturis
721 1243 907 1296 doctus
959 1247 1012 1296 et
1057 1245 1115 1297 in
1161 1263 1343 1297 earum
1384 1244 1629 1296 sensibus
1670 1244 1836 1296 subti-
1872 1249 1926 1288 10

150 1319 356 1372 lissima
395 1318 774 1371 exercitatione
806 1318 1047 1386 limatus,
1086 1318 1275 1388 lingua
1307 1336 1516 1388 quoque
1556 1318 1837 1371 scholasti-

152 1412 244 1446 cus
275 1393 496 1446 hortatu
536 1391 710 1444 sancti
735 1390 956 1444 Venerii
997 1393 1236 1460 episcopi
1277 1393 1541 1460 excerpsit
1573 1409 1638 1444 ex
1672 1392 1836 1444 sacris

152 1467 430 1536 scripturis
477 1466 732 1518 lectiones
779 1466 949 1518 totius
1005 1466 1132 1518 anni
1177 1466 1384 1519 festivis
1432 1466 1616 1519 diebus
1666 1468 1836 1536 aptaS,

151 1540 494 1610 responsorio
520 1539 682 1592 etiam
706 1540 1035 1608 psalmorum
1061 1539 1299 1608 capitula
1322 1539 1554 1608 tempori
1579 1542 1632 1591 et
1654 1540 1836 1593 lectio-

151 1615 311 1667 nibus
359 1613 725 1684 congruentia.
822 1612 976 1676 Quod
1031 1632 1164 1682 opus
1219 1616 1334 1666 tam
1387 1613 1748 1666 necessarium
1806 1632 1838 1666 a
1873 1618 1926 1657 15

150 1688 442 1741 lectoribus
481 1688 538 1739 in
578 1687 801 1740 ecclesia
846 1687 1119 1756 probatur,
1166 1690 1227 1740 ut
1267 1687 1562 1756 expetitum
1602 1690 1656 1739 et
1696 1687 1837 1739 solli-

152 1762 445 1815 citudinem
483 1762 643 1814 tollat
681 1764 735 1813 et
773 1779 984 1813 moram
1014 1761 1266 1831 plebique
1297 1761 1510 1830 ingerat
1541 1761 1838 1828 scientiam,

153 1835 455 1889 celebritati
494 1835 754 1888 decorem.
834 1833 936 1887 Sed
984 1839 1038 1888 et
1083 1835 1150 1887 ad
1189 1853 1476 1904 personam
1517 1834 1691 1888 sancti
1730 1834 1836 1886 Eu-

153 1910 348 1962 stachii
393 1909 651 1978 episcopi,
699 1909 1023 1961 successoris
1073 1928 1238 1978 supra
1276 1908 1405 1961 dicti
1444 1908 1677 1961 hominis
1718 1907 1835 1977 Dei,

152 1981 658 2036 ‘sacramentorum'
707 1983 982 2052 egregium
1037 1985 1091 2034 et
1143 2001 1254 2035 non
1300 2001 1524 2050 parvum
1571 1982 1838 2050 volumen,
1871 1987 1928 2027 20

152 2075 249 2126 per
296 2057 539 2109 membra
586 2055 799 2126 quidem
847 2074 945 2124 pro
995 2057 1400 2125 opportunitate
1448 2055 1747 2108 officiorum
1787 2059 1841 2108 et

150 2134 478 2200 temporum,
524 2148 620 2199 pro
667 2130 963 2183 lectionum
1008 2132 1159 2182 textu
1211 2130 1653 2199 psalmorumque
1705 2129 1840 2182 serie

154 2207 210 2256 et
248 2205 555 2258 cantatione
595 2204 904 2272 discretum,
954 2204 1046 2256 sed
1094 2203 1430 2273 supplicandi
1468 2202 1584 2256 Deo
1625 2206 1679 2255 et
1718 2221 1839 2256 con·

151 2277 387 2331 testandi
425 2278 684 2331 beneficia
723 2277 835 2330 eius
876 2278 1149 2330 soliditate
1189 2278 1272 2330 sui
1311 2280 1716 2330 contenaneum.

305 2351 421 2414 Quo
469 2369 628 2421 opere
677 2351 981 2421 gravissimi
1029 2369 1216 2404 sensus
1276 2354 1330 2404 et
1384 2351 1680 2420 castigatae
1730 2351 1835 2404 elo·
1871 2354 1927 2394 25

155 2426 406 2495 quentiae
462 2425 782 2495 agnovimus
838 2426 1028 2478 virum.
1103 2424 1371 2478 Homilias
1428 2425 1591 2477 etiam
1646 2424 1839 2477 dicitur

153 2500 507 2568 declamasse,
554 2517 686 2569 quas
738 2501 792 2551 et
838 2499 1027 2552 haberi
1067 2517 1099 2551 a
1135 2499 1381 2552 fidelibus
1421 2498 1551 2550 viris
1590 2499 1838 2568 cognovi,

277 2665 299 2703 1
335 2660 515 2704 Bamb.:
550 2658 682 2703 libris
864 2664 893 2703 4
923 2658 1082 2704 Bern.:
1121 2658 1373 2714 Buconius3
1421 2658 1609 2703 Bamb.:
1640 2657 1840 2703 Victori-

154 2733 242 2764 nus
394 2724 450 2763 10
481 2718 639 2763 Bern.:
680 2717 986 2763 subtilissima
1017 2718 1218 2775 quadam
1251 2718 1584 2762 exercitatione
1614 2715 1842 2762 imbuitus

277 2783 330 2822 17
371 2792 573 2834 moram,
618 2791 738 2833 quae
779 2777 1053 2822 Germanice
1099 2778 1288 2822 dicitur:
1323 2776 1692 2834 „Langeweile“

158 2840 213 2881 18
244 2837 429 2883 Bamb.:
462 2837 625 2882 decore
717 2841 775 2880 24
806 2836 994 2881 Bamb.:
1026 2836 1274 2891 beneficio;
1307 2836 1390 2880 al.z
1422 2835 1754 2881 beneficiorum

155 2895 318 2942 Bamb.
352 2900 400 2941 et
430 2895 587 2940 Bern.:
619 2894 870 2940 soliditatis
902 2909 1012 2940 suae
