1974 3192
728 188 1093 241 -43-

63 321 238 358 annos
286 305 447 356 natus
494 303 707 358 circiter
755 307 971 359 centum
1010 306 1262 377 sedecim,
1312 310 1366 360 et
1411 326 1508 361 vos
1547 324 1756 359 mecum

65 380 316 448 precatur
354 379 415 430 ut
452 377 594 430 idem
626 396 896 448 unumque
938 380 1195 449 sapiatis'.
1265 379 1466 434 Scribit
1502 383 1557 434 et
1595 380 1757 433 aliam

63 451 135 504 ad
173 450 568 504 Antiochenses
608 469 704 521 per
734 450 1080 523 Clementem,
1118 454 1491 524 presbyterum
1522 453 1756 507 Alexan-

63 524 229 594 driae,
268 525 332 578 de
364 543 471 595 quo
512 543 674 594 supra
705 526 949 594 diximuS,
986 544 1084 580 nec
1114 545 1226 581 non
1266 530 1319 580 et
1357 527 1423 581 ad
1456 527 1759 598 Origenem,

63 601 119 652 et
155 615 255 668 pro
288 597 519 669 Origene
547 602 734 653 contra
763 599 1114 668 Demetrium,
1152 618 1215 654 eo
1248 601 1390 670 quod
1427 601 1578 655 iuxta
1606 601 1755 655 testi-

66 673 310 726 monium
347 672 609 726 Demetrii
649 691 768 726 eum
807 673 1182 742 presbyterum
1222 675 1574 728 constituerit.
1653 672 1757 727 Sed

67 749 122 799 et
161 747 298 800 aliae
339 747 451 799 eius
493 747 561 799 ad
600 746 839 800 diversos
878 747 1127 799 feruntur
1165 748 1441 816 epistulae.
1516 747 1759 817 Septima

65 822 248 873 autem
293 820 663 889 persecutione
715 820 813 873 sub
853 819 1042 889 Deci0,
1089 838 1194 890 quo
1240 823 1484 890 tempore
1521 821 1758 891 Babylas

65 892 388 947 Antiochiae
437 911 630 963 passus
683 896 786 962 est,
842 893 1032 947 ductus
1080 892 1398 947 Caesaream
1447 898 1500 948 et
1546 895 1759 948 clausus

62 985 276 1022 carcere
328 968 396 1021 ob
447 967 840 1021 confessionem
888 965 1090 1020 Christi
1144 969 1405 1037 martyrio
1461 971 1759 1022 coronatur.

696 1162 831 1238 Gap.
878 1162 1132 1221 LXIII.

214 1276 383 1330 Iulius
429 1276 742 1346 Africanus,
796 1277 945 1330 cuius
995 1278 1231 1346 quinque
1280 1276 1363 1330 ‘de
1408 1276 1762 1347 temporibus'

66 1353 283 1404 exstant
314 1351 605 1420 volumina,
638 1351 736 1404 sub
767 1351 1091 1420 imperatore
1122 1350 1305 1404 Marco
1339 1351 1560 1404 Aurelio
1593 1351 1764 1403 Anto-

67 1425 216 1492 nin0,
255 1425 347 1494 qui
384 1425 628 1479 Macrino
670 1427 1012 1493 successerat,
1057 1419 1387 1495 legationem
1425 1443 1523 1494 pro
1564 1425 1766 1477 instau-

66 1499 275 1552 ratione
314 1498 461 1552 urbis
502 1499 761 1552 Emmaus
802 1467 1051 1567 suscepit,
1091 1517 1226 1568 quae
1264 1502 1457 1568 postea
1485 1497 1765 1567 Nicopolis

74 1572 358 1642 appellata.
425 1572 532 1626 Est
564 1573 795 1642 epistula
833 1572 901 1625 ad
932 1571 1222 1642 Origenem
1262 1591 1423 1641 super
1454 1572 1768 1642 quaestione

68 1645 373 1716 Susannae,
427 1665 489 1700 eo
547 1647 691 1717 quod
738 1647 884 1700 dicat
932 1646 990 1700 in
1034 1646 1286 1700 hebraico
1332 1647 1475 1700 hanc
1526 1645 1769 1699 fabulam

70 1739 183 1774 non
230 1719 419 1774 haberi
469 1739 568 1774 nec
622 1721 909 1775 convenire
963 1739 1085 1774 cum
1139 1721 1393 1774 hebraica
1439 1719 1770 1789 etymologia

67 1790 179 1848 ἀπὸ
227 1795 330 1848 τοῦ
376 1797 583 1865 πρίνου
629 1796 821 1864 πρίσαι
867 1793 961 1848 καὶ
1008 1790 1115 1848 ἀπὸ
1171 1795 1274 1848 τοῦ
1321 1795 1520 1863 σχίνου
1566 1794 1770 1862 σχίσαι,

68 1871 264 1923 contra
302 1886 461 1938 quem
491 1869 705 1923 doctam
736 1868 1027 1938 epistulam
1066 1868 1284 1938 scripsit
1315 1867 1592 1938 Origenes
1660 1866 1768 1919 Ex-

71 1945 185 1996 stat
231 1942 343 1996 eius
394 1943 461 1996 ad
501 1942 794 1996 Aristidem
834 1943 1004 1996 altera
1054 1942 1307 2012 epistula,
1352 1943 1412 1995 in
1459 1960 1565 2011 qua
1611 1958 1770 2009 super

71 2016 359 2086 διαφωνία
407 2035 542 2086 quae
589 2017 799 2071 videtur
844 2035 961 2070 esse
1006 2017 1066 2070 in
1111 2017 1432 2087 genealogia
1475 2014 1770 2068 Salvatoris

73 2091 220 2161 apud
255 2089 597 2144 Matthaeum
636 2094 691 2146 et
727 2091 952 2161 Lucam,
991 2090 1299 2160 plenissime
1341 2091 1600 2159 disputat.

713 2287 850 2362 Cap.
898 2284 1138 2344 LXIV.

227 2400 483 2455 Geminus
493 2444 507 2471 ‚
552 2401 926 2455 Antiochenae
973 2401 1227 2455 ecclesiae
1265 2400 1561 2470 presbyter,
1599 2416 1771 2468 pauca

74 2475 282 2560 ingenii
308 2476 390 2529 sui
413 2479 764 2529 monumenta
787 2476 1104 2545 composuit,
1128 2476 1324 2529 florens
1351 2474 1449 2527 sub
1467 2472 1773 2525 Alexandro

77 2549 325 2633 principe
388 2552 442 2603 et
512 2550 764 2619 episcopo
825 2549 973 2602 urbis
1033 2567 1183 2617 suae,
1238 2547 1512 2616 Zebenno,
1574 2564 1635 2599 eo
1689 2544 1775 2597 vel

77 2623 310 2676 maxime
348 2627 607 2693 tempore,
646 2642 750 2693 quo
783 2621 1044 2676 Heraclas
1083 2622 1481 2676 Alexandrinae
1521 2618 1775 2672 ecclesiae

79 2696 328 2766 pontifex
367 2697 649 2751 ordinatus
690 2700 788 2750 est.

202 2847 256 2887 16
286 2842 447 2888 Bamb.
467 2843 515 2887 et
538 2842 767 2888 Norimb.:
793 2841 1032 2899 appellata
1057 2842 1140 2886 est.
1189 2839 1336 2885 Huius
1363 2839 1434 2884 est
1458 2836 1664 2895 epistula
1688 2871 1697 2881 .
1724 2868 1736 2880 .
1761 2868 1776 2881 .

84 2906 138 2946 17
170 2900 301 2948 Vat:
334 2902 453 2947 hanc
484 2901 693 2947 fabulam
723 2901 889 2946 haberi

1795 982 1847 1021 10

1802 1510 1854 1550 15

1802 1880 1858 1920 20

1802 2408 1859 2449 25
