1974 3192
806 213 1201 265 —108—

168 335 293 402 post
332 333 585 401 quattuor
616 329 821 397 priores
854 328 946 397 qui
978 332 1405 397 composuerunt,
1444 329 1499 381 id
1539 331 1621 381 est
1644 328 1851 397 Hippo-

166 409 367 475 lytum,
404 403 722 470 Eu‘sebium,
761 401 1119 470 Theophilum
1159 404 1214 453 et
1251 401 1587 471 Prosperum,
1635 405 1689 454 et
1736 420 1855 470 per-

167 479 343 532 tendit
383 495 646 531 annorum
689 476 877 529 seriem
925 493 1095 545 usque
1144 475 1210 528 ad
1251 494 1452 528 annum
1492 475 1853 545 quingentesi-

168 572 315 606 mum
353 552 693 622 trigesimum
733 549 1045 618 secundum,
1084 549 1163 603 ita
1201 551 1261 602 ut
1292 549 1718 620 quingentesimo
1758 548 1853 601 tri-

112 642 137 680 5
173 627 379 696 gesimo
434 626 596 678 tertio
653 642 794 678 anno
849 623 1120 692 paschalis
1178 623 1461 692 reincipiat
1515 623 1854 676 sollemnitas

173 701 357 754 eodem
397 717 581 752 mense
622 701 677 752 et
709 699 792 751 die
832 698 1120 766 eademque
1151 698 1303 767 luna,
1335 716 1440 767 qua
1470 697 1704 766 primum
1735 714 1856 765 pas-

171 776 250 827 sio
292 791 353 826 ac
391 773 709 826 resurrectio
749 772 1035 825 Dominica
1073 771 1218 824 facta
1258 773 1354 824 est.

730 910 863 983 cap.
911 907 1289 966 LXXXIX.

322 1024 707 1088 Theodoritus,
764 1021 891 1092 Cyri
961 1023 1194 1076 civitatis
1260 1025 1561 1094 episcopUS,
1607 1022 1664 1095 (a
1713 1021 1856 1093 Cyro

83 1112 138 1153 10
173 1099 342 1168 enim,
387 1116 514 1168 rege
553 1097 863 1166 Persarum,
915 1097 1130 1150 condita
1180 1101 1360 1151 servat
1404 1098 1669 1168 hodieque
1718 1099 1859 1167 apud

175 1171 387 1242 Syriam
435 1189 636 1224 nomen
685 1167 942 1239 auctoris)
992 1170 1187 1223 dicitur
1232 1172 1507 1242 scripsisse
1547 1173 1740 1243 multa3
1793 1173 1861 1224 ad.

172 1264 346 1299 meam
395 1248 579 1298 tamen
625 1245 877 1297 notitiam
923 1244 1029 1297 ista
1079 1249 1224 1314 sunt,
1273 1264 1408 1315 quae
1447 1248 1728 1298 venerunt:
1777 1245 1859 1298 ‘de

173 1320 542 1374 incarnatione
582 1317 823 1371 Domini'
867 1318 1121 1371 adversus
1161 1318 1447 1388 Eutychen
1485 1319 1860 1388 presbyterum

174 1397 228 1447 et
266 1393 612 1460 Dioscurum,
651 1392 1011 1445 Alexandriae
1061 1393 1392 1462 episcopum,
1440 1394 1530 1462 qui
1567 1393 1859 1446 humanam

87 1480 141 1520 15
173 1469 232 1520 in
272 1466 490 1521 Christo
540 1484 754 1519 carnem
803 1466 969 1519 fuisse
1015 1470 1247 1536 negant,
1289 1467 1488 1535 scripta
1526 1467 1713 1534 fortia,
1763 1485 1861 1535 per

177 1560 313 1611 quae
354 1541 636 1594 confirmat
676 1544 730 1592 et
767 1540 977 1594 ratione
1018 1543 1072 1592 et
1110 1541 1437 1594 testimoniis
1479 1541 1861 1609 scripturarum

174 1616 253 1667 ita
276 1615 428 1667 illum
463 1617 738 1667 maternae
763 1631 945 1667 veram
978 1615 1313 1667 substantiae
1346 1632 1559 1667 carnem
1591 1614 1861 1683 habuisse,

177 1707 336 1759 quam
376 1706 440 1740 ex
478 1692 650 1741 matre
690 1687 915 1758 Virgine
965 1690 1216 1756 sumpsit,
1264 1688 1402 1741 sicut
1441 1692 1495 1741 et
1533 1706 1713 1741 veram
1753 1688 1859 1741 dei-

176 1765 367 1831 tatem,
407 1780 568 1831 quam
610 1765 827 1815 aeterna
864 1761 1232 1815 nascibilitate
1255 1761 1372 1815 Deo
1412 1762 1573 1814 Patre
1606 1762 1862 1832 gignente

83 1848 139 1890 20
177 1837 292 1905 ipse
331 1836 600 1889 nascendo
640 1837 861 1904 accepit.
939 1835 1077 1890 Sunt
1115 1840 1169 1888 et
1209 1836 1390 1888 decem
1430 1837 1542 1888 eius
1584 1835 1860 1888 ‘historiae

180 1909 590 1963 ecclesiasticae’
638 1910 790 1974 libri,
847 1927 980 1978 quos
1035 1910 1278 1963 imitatus
1324 1909 1623 1962 Eusebium
1670 1907 1860 1970 Caesa,-

174 1984 405 2036 riensem
456 1983 773 2052 conscripsit
818 1984 1080 2053 incipiens
1123 2003 1154 2036 a
1192 1985 1297 2036 fine
1337 1984 1598 2036 librorum
1635 1982 1859 2036 Eusebii

174 2076 346 2126 usque
395 2058 463 2110 ad
510 2076 665 2110 suum
703 2061 942 2127 tempUS,
991 2058 1047 2110 id
1086 2061 1188 2127 est,
1237 2076 1268 2110 a
1314 2057 1682 2110 vicennalibus
1723 2055 1861 2110 Con-

178 2131 403 2184 stantini
441 2149 608 2199 usque
650 2132 716 2183 ad
763 2131 1044 2200 imperium
1085 2131 1283 2184 Leonis
1324 2131 1572 2200 senioriS,
1614 2130 1711 2183 sub
1754 2149 1858 2200 quo

81 2209 139 2256 25
175 2207 227 2257 et
267 2208 513 2257 mortuus
555 2207 651 2257 est.
1477 2221 1484 2235 ²
1876 2205 1879 2207 ’

865 2282 1000 2356 Cap.
1039 2282 1164 2339 XC.

325 2394 633 2448 Gennadius
646 2437 662 2465 ,
687 2394 1323 2465 Constantinopolitanae
1364 2396 1616 2450 ecclesiae
1656 2396 1859 2466 episco-

171 2488 271 2537 pus
284 2511 298 2537 ,
337 2470 421 2522 vir
459 2470 645 2538 lingua
682 2470 889 2522 nitidus
931 2473 985 2522 et
1014 2471 1233 2540 ingenio
1268 2488 1413 2540 acer,
1451 2473 1566 2522 tam
1606 2470 1753 2523 dives
1794 2488 1858 2523 ex

172 2543 405 2596 lectione
455 2544 799 2611 antiquorum
840 2544 967 2611 fuit,
1014 2547 1075 2596 ut
1113 2543 1396 2597 Danielem
1433 2543 1755 2612 prophetam
1795 2561 1858 2596 ex

82 2628 139 2668 30
171 2616 383 2686 integro
425 2616 491 2668 ad
530 2617 752 2669 verbum
793 2620 1186 2670 commentatus
1226 2620 1530 2686 exponeret.
1590 2617 1857 2670 Homilias

173 2689 338 2742 etiam
384 2691 583 2743 multas
634 2692 952 2759 composuit.
1027 2691 1258 2744 Moritur
1295 2690 1472 2745 Leone
1513 2691 1720 2744 seniore
1758 2691 1856 2743 im-

170 2764 379 2831 perium
418 2767 654 2817 tenente.

169 2863 360 2920 pulosus
438 2863 807 2922 7Bern.:prima
885 2865 1158 2911 9Bamb.et
1174 2864 1330 2910 B'ern.:
1353 2865 1623 2909 Theodorus
1698 2864 1854 2910 Rem:

171 2922 369 2979 Cypriae
402 2923 606 2968 civitatis
637 2923 904 2980 provinciae
938 2924 1095 2981 Syriae
1222 2930 1280 2970 23
1314 2923 1545 2970 Norimb.:
1578 2923 1855 2968 vicinalibus
