<?xml version="1.0" encoding="UTF-8"?>
<!DOCTYPE html PUBLIC "-//W3C//DTD XHTML 1.0 Transitional//EN"
    "http://www.w3.org/TR/xhtml1/DTD/xhtml1-transitional.dtd">
<html xmlns="http://www.w3.org/1999/xhtml" xml:lang="en" lang="en">
 <head>
  <title>
</title>
<meta http-equiv="Content-Type" content="text/html;charset=utf-8" />
  <meta name='ocr-system' content='tesseract 3.04.00' />
  <meta name='ocr-capabilities' content='ocr_page ocr_carea ocr_par ocr_line ocrx_word'/>
</head>
<body>
  <div class='ocr_page' id='page_1' title='image "./devirisinlustrib00jerouoft_0121.png"; bbox 0 0 1974 3192; ppageno 0'>
   <div class='ocr_carea' id='block_1_1' title="bbox 765 168 1124 220">
    <p class='ocr_par' dir='ltr' id='par_1_1' title="bbox 765 168 1124 220">
     <span class='ocr_line' id='line_1_1' title="bbox 765 168 1124 220; baseline 0.003 -14"><span class='ocrx_word' id='word_1_1' title='bbox 765 168 1124 220; x_wconf 70' lang='lat'><strong>-73-</strong></span> 
     </span>
    </p>
   </div>
   <div class='ocr_carea' id='block_1_2' title="bbox 103 279 1787 428">
    <p class='ocr_par' dir='ltr' id='par_1_2' title="bbox 103 279 1787 428">
     <span class='ocr_line' id='line_1_2' title="bbox 252 279 1787 355; baseline 0.001 -19"><span class='ocrx_word' id='word_1_2' title='bbox 252 279 459 336; x_wconf 83' lang='lat' dir='ltr'>Claruit</span> <span class='ocrx_word' id='word_1_3' title='bbox 480 282 623 335; x_wconf 88' lang='lat' dir='ltr'>inter</span> <span class='ocrx_word' id='word_1_4' title='bbox 645 286 863 337; x_wconf 85' lang='lat' dir='ltr'>nostros</span> <span class='ocrx_word' id='word_1_5' title='bbox 894 284 1130 352; x_wconf 88' lang='lat' dir='ltr'>primum</span> <span class='ocrx_word' id='word_1_6' title='bbox 1154 285 1370 340; x_wconf 88' lang='lat' dir='ltr'>Africae</span> <span class='ocrx_word' id='word_1_7' title='bbox 1394 288 1448 338; x_wconf 87' lang='lat' dir='ltr'>et</span> <span class='ocrx_word' id='word_1_8' title='bbox 1470 286 1612 339; x_wconf 90' lang='lat' dir='ltr'>inter</span> <span class='ocrx_word' id='word_1_9' title='bbox 1644 303 1787 355; x_wconf 82' lang='lat' dir='ltr'>suOS,</span> 
     </span>
     <span class='ocr_line' id='line_1_3' title="bbox 103 355 1688 428; baseline 0.001 -19"><span class='ocrx_word' id='word_1_10' title='bbox 103 356 158 409; x_wconf 88' lang='lat' dir='ltr'>id</span> <span class='ocrx_word' id='word_1_11' title='bbox 198 359 303 425; x_wconf 91' lang='lat' dir='ltr'>est,</span> <span class='ocrx_word' id='word_1_12' title='bbox 340 355 680 410; x_wconf 81' lang='lat' dir='ltr'>Donatianos</span> <span class='ocrx_word' id='word_1_13' title='bbox 722 357 831 410; x_wconf 83' lang='lat' dir='ltr'>sive</span> <span class='ocrx_word' id='word_1_14' title='bbox 870 357 1206 428; x_wconf 88' lang='lat' dir='ltr'>Montenses,</span> <span class='ocrx_word' id='word_1_15' title='bbox 1244 363 1432 428; x_wconf 86' lang='lat' dir='ltr'>postea</span> <span class='ocrx_word' id='word_1_16' title='bbox 1469 359 1688 412; x_wconf 88' lang='lat' dir='ltr'>Romae.</span> 
     </span>
    </p>
   </div>
   <div class='ocr_carea' id='block_1_3' title="bbox 817 536 1091 612">
    <p class='ocr_par' dir='ltr' id='par_1_3' title="bbox 817 536 1091 612">
     <span class='ocr_line' id='line_1_4' title="bbox 817 536 1091 612; baseline 0.004 -18"><span class='ocrx_word' id='word_1_17' title='bbox 817 537 951 612; x_wconf 73' lang='lat' dir='ltr'>Cap.</span> <span class='ocrx_word' id='word_1_18' title='bbox 990 536 1091 595; x_wconf 90' lang='lat' dir='ltr'>VI.</span> 
     </span>
    </p>
   </div>
   <div class='ocr_carea' id='block_1_4' title="bbox 102 647 1876 1308">
    <p class='ocr_par' dir='ltr' id='par_1_4' title="bbox 102 647 1876 1308">
     <span class='ocr_line' id='line_1_5' title="bbox 250 647 1784 720; baseline 0.003 -19"><span class='ocrx_word' id='word_1_19' title='bbox 250 647 575 702; x_wconf 81' lang='lat' dir='ltr'>Heliodorus</span> <span class='ocrx_word' id='word_1_20' title='bbox 621 650 902 719; x_wconf 84' lang='lat' dir='ltr'>presbyter</span> <span class='ocrx_word' id='word_1_21' title='bbox 954 651 1172 720; x_wconf 89' lang='lat' dir='ltr'>scripsit</span> <span class='ocrx_word' id='word_1_22' title='bbox 1218 651 1414 704; x_wconf 93' lang='lat' dir='ltr'>librum</span> <span class='ocrx_word' id='word_1_23' title='bbox 1455 652 1538 704; x_wconf 76' lang='lat' dir='ltr'>‘de</span> <span class='ocrx_word' id='word_1_24' title='bbox 1577 653 1784 705; x_wconf 88' lang='lat' dir='ltr'>naturis</span> 
     </span>
     <span class='ocr_line' id='line_1_6' title="bbox 107 722 1874 794; baseline 0.002 -18"><span class='ocrx_word' id='word_1_25' title='bbox 107 741 287 776; x_wconf 90' lang='lat' dir='ltr'>rerum</span> <span class='ocrx_word' id='word_1_26' title='bbox 327 722 713 791; x_wconf 85' lang='lat' dir='ltr'>exordialium&#39;,</span> <span class='ocrx_word' id='word_1_27' title='bbox 759 724 817 776; x_wconf 90' lang='lat' dir='ltr'>in</span> <span class='ocrx_word' id='word_1_28' title='bbox 866 742 971 793; x_wconf 90' lang='lat' dir='ltr'>quo</span> <span class='ocrx_word' id='word_1_29' title='bbox 1010 724 1244 777; x_wconf 89' lang='lat' dir='ltr'>ostendit</span> <span class='ocrx_word' id='word_1_30' title='bbox 1280 744 1448 778; x_wconf 92' lang='lat' dir='ltr'>unum</span> <span class='ocrx_word' id='word_1_31' title='bbox 1489 744 1604 778; x_wconf 91' lang='lat' dir='ltr'>esse</span> <span class='ocrx_word' id='word_1_32' title='bbox 1642 727 1784 794; x_wconf 91' lang='lat' dir='ltr'>prin-</span> <span class='ocrx_word' id='word_1_33' title='bbox 1847 738 1874 778; x_wconf 86' lang='lat'>5</span> 
     </span>
     <span class='ocr_line' id='line_1_7' title="bbox 108 796 1788 866; baseline 0.001 -18"><span class='ocrx_word' id='word_1_34' title='bbox 108 796 305 866; x_wconf 91' lang='lat' dir='ltr'>cipium</span> <span class='ocrx_word' id='word_1_35' title='bbox 350 813 448 848; x_wconf 90' lang='lat' dir='ltr'>nec</span> <span class='ocrx_word' id='word_1_36' title='bbox 498 796 781 866; x_wconf 88' lang='lat' dir='ltr'>quicquam</span> <span class='ocrx_word' id='word_1_37' title='bbox 821 815 1076 850; x_wconf 86' lang='lat' dir='ltr'>coaevum</span> <span class='ocrx_word' id='word_1_38' title='bbox 1113 796 1229 850; x_wconf 94' lang='lat' dir='ltr'>Deo</span> <span class='ocrx_word' id='word_1_39' title='bbox 1238 839 1252 866; x_wconf 88' lang='lat'>,</span> <span class='ocrx_word' id='word_1_40' title='bbox 1298 816 1397 851; x_wconf 92' lang='lat' dir='ltr'>nec</span> <span class='ocrx_word' id='word_1_41' title='bbox 1444 799 1572 851; x_wconf 87' lang='lat' dir='ltr'>mali</span> <span class='ocrx_word' id='word_1_42' title='bbox 1611 799 1788 852; x_wconf 92' lang='lat' dir='ltr'>condi-</span> 
     </span>
     <span class='ocr_line' id='line_1_8' title="bbox 105 869 1788 940; baseline 0.001 -18"><span class='ocrx_word' id='word_1_43' title='bbox 105 872 280 923; x_wconf 89' lang='lat' dir='ltr'>torem</span> <span class='ocrx_word' id='word_1_44' title='bbox 313 869 513 939; x_wconf 92' lang='lat' dir='ltr'>Deum,</span> <span class='ocrx_word' id='word_1_45' title='bbox 552 870 645 922; x_wconf 93' lang='lat' dir='ltr'>sed</span> <span class='ocrx_word' id='word_1_46' title='bbox 683 870 761 922; x_wconf 91' lang='lat' dir='ltr'>ita</span> <span class='ocrx_word' id='word_1_47' title='bbox 798 871 1060 924; x_wconf 91' lang='lat' dir='ltr'>bonorum</span> <span class='ocrx_word' id='word_1_48' title='bbox 1094 871 1332 923; x_wconf 92' lang='lat' dir='ltr'>omnium</span> <span class='ocrx_word' id='word_1_49' title='bbox 1372 875 1689 940; x_wconf 74' lang='lat' dir='ltr'>creatorem,</span> <span class='ocrx_word' id='word_1_50' title='bbox 1727 876 1788 924; x_wconf 85' lang='lat' dir='ltr'>ut</span> 
     </span>
     <span class='ocr_line' id='line_1_9' title="bbox 104 943 1785 1013; baseline 0.001 -17"><span class='ocrx_word' id='word_1_51' title='bbox 104 943 352 1012; x_wconf 85' lang='lat' dir='ltr'>materia,</span> <span class='ocrx_word' id='word_1_52' title='bbox 392 961 527 1011; x_wconf 88' lang='lat' dir='ltr'>quae</span> <span class='ocrx_word' id='word_1_53' title='bbox 560 943 628 996; x_wconf 90' lang='lat' dir='ltr'>ad</span> <span class='ocrx_word' id='word_1_54' title='bbox 658 944 862 996; x_wconf 90' lang='lat' dir='ltr'>malum</span> <span class='ocrx_word' id='word_1_55' title='bbox 892 962 1048 997; x_wconf 86' lang='lat' dir='ltr'>versa</span> <span class='ocrx_word' id='word_1_56' title='bbox 1081 947 1183 1012; x_wconf 87' lang='lat' dir='ltr'>est,</span> <span class='ocrx_word' id='word_1_57' title='bbox 1216 946 1340 1013; x_wconf 90' lang='lat' dir='ltr'>post</span> <span class='ocrx_word' id='word_1_58' title='bbox 1370 944 1644 997; x_wconf 85' lang='lat' dir='ltr'>inventam</span> <span class='ocrx_word' id='word_1_59' title='bbox 1676 964 1785 997; x_wconf 88' lang='lat' dir='ltr'>ma-</span> 
     </span>
     <span class='ocr_line' id='line_1_10' title="bbox 102 1015 1786 1087; baseline 0 -17"><span class='ocrx_word' id='word_1_60' title='bbox 102 1018 276 1070; x_wconf 88' lang='lat' dir='ltr'>litiam</span> <span class='ocrx_word' id='word_1_61' title='bbox 309 1035 341 1069; x_wconf 89' lang='lat' dir='ltr'>a</span> <span class='ocrx_word' id='word_1_62' title='bbox 365 1015 480 1070; x_wconf 91' lang='lat' dir='ltr'>Deo</span> <span class='ocrx_word' id='word_1_63' title='bbox 514 1016 660 1070; x_wconf 89' lang='lat' dir='ltr'>facta</span> <span class='ocrx_word' id='word_1_64' title='bbox 691 1017 788 1086; x_wconf 72' lang='lat' dir='ltr'>sit,</span> <span class='ocrx_word' id='word_1_65' title='bbox 826 1035 925 1070; x_wconf 92' lang='lat' dir='ltr'>nec</span> <span class='ocrx_word' id='word_1_66' title='bbox 958 1017 1244 1087; x_wconf 88' lang='lat' dir='ltr'>quicquam</span> <span class='ocrx_word' id='word_1_67' title='bbox 1277 1018 1635 1070; x_wconf 88' lang='lat' dir='ltr'>materialium</span> <span class='ocrx_word' id='word_1_68' title='bbox 1669 1019 1786 1071; x_wconf 85' lang='lat' dir='ltr'>abs-</span> 
     </span>
     <span class='ocr_line' id='line_1_11' title="bbox 103 1089 1876 1161; baseline -0.001 -17"><span class='ocrx_word' id='word_1_69' title='bbox 103 1109 206 1161; x_wconf 89' lang='lat' dir='ltr'>que</span> <span class='ocrx_word' id='word_1_70' title='bbox 244 1089 359 1143; x_wconf 91' lang='lat' dir='ltr'>Deo</span> <span class='ocrx_word' id='word_1_71' title='bbox 415 1091 662 1143; x_wconf 84' lang='lat' dir='ltr'>credatur</span> <span class='ocrx_word' id='word_1_72' title='bbox 714 1091 988 1143; x_wconf 84' lang='lat' dir='ltr'>conditum</span> <span class='ocrx_word' id='word_1_73' title='bbox 1041 1109 1137 1143; x_wconf 91' lang='lat' dir='ltr'>nec</span> <span class='ocrx_word' id='word_1_74' title='bbox 1183 1091 1348 1144; x_wconf 87' lang='lat' dir='ltr'>fuisse</span> <span class='ocrx_word' id='word_1_75' title='bbox 1396 1091 1558 1143; x_wconf 89' lang='lat' dir='ltr'>alium</span> <span class='ocrx_word' id='word_1_76' title='bbox 1609 1110 1786 1144; x_wconf 90' lang='lat' dir='ltr'>rerum</span> <span class='ocrx_word' id='word_1_77' title='bbox 1820 1105 1876 1144; x_wconf 89' lang='lat'>10</span> 
     </span>
     <span class='ocr_line' id='line_1_12' title="bbox 103 1164 1787 1234; baseline 0 -17"><span class='ocrx_word' id='word_1_78' title='bbox 103 1167 397 1218; x_wconf 75' lang='lat' dir='ltr'>creatorem</span> <span class='ocrx_word' id='word_1_79' title='bbox 450 1167 663 1233; x_wconf 91' lang='lat' dir='ltr'>praeter</span> <span class='ocrx_word' id='word_1_80' title='bbox 709 1164 907 1234; x_wconf 89' lang='lat' dir='ltr'>Deum,</span> <span class='ocrx_word' id='word_1_81' title='bbox 962 1165 1052 1234; x_wconf 88' lang='lat' dir='ltr'>qui</span> <span class='ocrx_word' id='word_1_82' title='bbox 1107 1165 1461 1233; x_wconf 87' lang='lat' dir='ltr'>praescientia</span> <span class='ocrx_word' id='word_1_83' title='bbox 1516 1183 1613 1217; x_wconf 89' lang='lat' dir='ltr'>sua</span> <span class='ocrx_word' id='word_1_84' title='bbox 1667 1183 1787 1217; x_wconf 92' lang='lat' dir='ltr'>cum</span> 
     </span>
     <span class='ocr_line' id='line_1_13' title="bbox 102 1238 1787 1308; baseline 0 -18"><span class='ocrx_word' id='word_1_85' title='bbox 102 1238 437 1308; x_wconf 74' lang='lat' dir='ltr'>praevideret</span> <span class='ocrx_word' id='word_1_86' title='bbox 474 1239 639 1291; x_wconf 88' lang='lat' dir='ltr'>morti</span> <span class='ocrx_word' id='word_1_87' title='bbox 678 1238 796 1290; x_wconf 88' lang='lat' dir='ltr'>dari</span> <span class='ocrx_word' id='word_1_88' title='bbox 832 1241 1102 1307; x_wconf 90' lang='lat' dir='ltr'>naturam,</span> <span class='ocrx_word' id='word_1_89' title='bbox 1134 1238 1471 1307; x_wconf 88' lang='lat' dir='ltr'>praemonuit</span> <span class='ocrx_word' id='word_1_90' title='bbox 1503 1238 1567 1290; x_wconf 93' lang='lat' dir='ltr'>de</span> <span class='ocrx_word' id='word_1_91' title='bbox 1599 1257 1787 1306; x_wconf 86' lang='lat' dir='ltr'>poena.</span> 
     </span>
    </p>
   </div>
   <div class='ocr_carea' id='block_1_5' title="bbox 795 1432 1108 1507">
    <p class='ocr_par' dir='ltr' id='par_1_5' title="bbox 795 1432 1108 1507">
     <span class='ocr_line' id='line_1_14' title="bbox 795 1432 1108 1507; baseline -0.003 -16"><span class='ocrx_word' id='word_1_92' title='bbox 795 1432 930 1507; x_wconf 71' lang='lat' dir='ltr'>Cap.</span> <span class='ocrx_word' id='word_1_93' title='bbox 970 1432 1108 1491; x_wconf 90' lang='lat' dir='ltr'><strong><em>VII.</em></strong></span> 
     </span>
    </p>
   </div>
   <div class='ocr_carea' id='block_1_6' title="bbox 102 1546 1880 2574">
    <p class='ocr_par' dir='ltr' id='par_1_6' title="bbox 102 1546 1880 2574">
     <span class='ocr_line' id='line_1_15' title="bbox 254 1546 1787 1616; baseline 0.001 -17"><span class='ocrx_word' id='word_1_94' title='bbox 254 1546 577 1600; x_wconf 88' lang='lat' dir='ltr'>Pachomius</span> <span class='ocrx_word' id='word_1_95' title='bbox 627 1547 949 1614; x_wconf 77' lang='lat' dir='ltr'>monachUS,</span> <span class='ocrx_word' id='word_1_96' title='bbox 989 1546 1071 1599; x_wconf 83' lang='lat' dir='ltr'>vir</span> <span class='ocrx_word' id='word_1_97' title='bbox 1100 1549 1214 1599; x_wconf 90' lang='lat' dir='ltr'>tam</span> <span class='ocrx_word' id='word_1_98' title='bbox 1246 1547 1302 1599; x_wconf 91' lang='lat' dir='ltr'>in</span> <span class='ocrx_word' id='word_1_99' title='bbox 1335 1548 1587 1615; x_wconf 85' lang='lat' dir='ltr'>docendO,</span> <span class='ocrx_word' id='word_1_100' title='bbox 1628 1566 1787 1616; x_wconf 88' lang='lat' dir='ltr'>quam</span> 
     </span>
     <span class='ocr_line' id='line_1_16' title="bbox 102 1620 1875 1691; baseline -0.001 -17"><span class='ocrx_word' id='word_1_101' title='bbox 102 1622 164 1674; x_wconf 93' lang='lat' dir='ltr'>in</span> <span class='ocrx_word' id='word_1_102' title='bbox 205 1621 363 1691; x_wconf 84' lang='lat' dir='ltr'>signa</span> <span class='ocrx_word' id='word_1_103' title='bbox 399 1621 648 1674; x_wconf 88' lang='lat' dir='ltr'>faciendo</span> <span class='ocrx_word' id='word_1_104' title='bbox 690 1620 1018 1689; x_wconf 88' lang='lat' dir='ltr'>apostolicae</span> <span class='ocrx_word' id='word_1_105' title='bbox 1058 1621 1264 1690; x_wconf 84' lang='lat' dir='ltr'>gratiae</span> <span class='ocrx_word' id='word_1_106' title='bbox 1301 1624 1354 1673; x_wconf 92' lang='lat' dir='ltr'>et</span> <span class='ocrx_word' id='word_1_107' title='bbox 1392 1621 1646 1674; x_wconf 84' lang='lat' dir='ltr'>fundator</span> <span class='ocrx_word' id='word_1_108' title='bbox 1685 1622 1784 1672; x_wconf 87' lang='lat' dir='ltr'>Ae·</span> <span class='ocrx_word' id='word_1_109' title='bbox 1820 1633 1875 1672; x_wconf 86' lang='lat'>15</span> 
     </span>
     <span class='ocr_line' id='line_1_17' title="bbox 105 1692 1788 1766; baseline -0.001 -19"><span class='ocrx_word' id='word_1_110' title='bbox 105 1695 259 1766; x_wconf 85' lang='lat' dir='ltr'>gypti</span> <span class='ocrx_word' id='word_1_111' title='bbox 299 1695 660 1763; x_wconf 86' lang='lat' dir='ltr'>cenobiorum,</span> <span class='ocrx_word' id='word_1_112' title='bbox 692 1694 908 1763; x_wconf 83' lang='lat' dir='ltr'>scripsit</span> <span class='ocrx_word' id='word_1_113' title='bbox 938 1695 1178 1764; x_wconf 85' lang='lat' dir='ltr'>regulam</span> <span class='ocrx_word' id='word_1_114' title='bbox 1210 1692 1421 1764; x_wconf 88' lang='lat' dir='ltr'>utrique</span> <span class='ocrx_word' id='word_1_115' title='bbox 1461 1695 1643 1764; x_wconf 85' lang='lat' dir='ltr'>generi</span> <span class='ocrx_word' id='word_1_116' title='bbox 1675 1713 1788 1746; x_wconf 88' lang='lat' dir='ltr'>mo-</span> 
     </span>
     <span class='ocr_line' id='line_1_18' title="bbox 108 1769 1790 1838; baseline -0.001 -17"><span class='ocrx_word' id='word_1_117' title='bbox 108 1769 400 1821; x_wconf 89' lang='lat' dir='ltr'>nachorum</span> <span class='ocrx_word' id='word_1_118' title='bbox 452 1772 657 1837; x_wconf 84' lang='lat' dir='ltr'>aptam,</span> <span class='ocrx_word' id='word_1_119' title='bbox 715 1787 874 1838; x_wconf 87' lang='lat' dir='ltr'>quam</span> <span class='ocrx_word' id='word_1_120' title='bbox 931 1769 1126 1837; x_wconf 85' lang='lat' dir='ltr'>angelo</span> <span class='ocrx_word' id='word_1_121' title='bbox 1178 1769 1411 1821; x_wconf 89' lang='lat' dir='ltr'>dictante</span> <span class='ocrx_word' id='word_1_122' title='bbox 1465 1770 1790 1837; x_wconf 85' lang='lat' dir='ltr'>perceperat.</span> 
     </span>
     <span class='ocr_line' id='line_1_19' title="bbox 107 1840 1789 1911; baseline -0.001 -16"><span class='ocrx_word' id='word_1_123' title='bbox 107 1840 335 1911; x_wconf 81' lang='lat' dir='ltr'>Scripsit</span> <span class='ocrx_word' id='word_1_124' title='bbox 383 1845 438 1895; x_wconf 87' lang='lat' dir='ltr'>et</span> <span class='ocrx_word' id='word_1_125' title='bbox 484 1842 552 1894; x_wconf 92' lang='lat' dir='ltr'>ad</span> <span class='ocrx_word' id='word_1_126' title='bbox 601 1843 834 1911; x_wconf 86' lang='lat' dir='ltr'>collegas</span> <span class='ocrx_word' id='word_1_127' title='bbox 881 1842 1288 1910; x_wconf 88' lang='lat' dir='ltr'>praepositurae</span> <span class='ocrx_word' id='word_1_128' title='bbox 1341 1860 1467 1894; x_wconf 87' lang='lat' dir='ltr'>suae</span> <span class='ocrx_word' id='word_1_129' title='bbox 1517 1842 1789 1910; x_wconf 79' lang='lat' dir='ltr'>epistulaS,</span> 
     </span>
     <span class='ocr_line' id='line_1_20' title="bbox 106 1915 1790 1985; baseline -0.001 -17"><span class='ocrx_word' id='word_1_130' title='bbox 106 1917 164 1968; x_wconf 90' lang='lat' dir='ltr'>in</span> <span class='ocrx_word' id='word_1_131' title='bbox 219 1916 413 1985; x_wconf 89' lang='lat' dir='ltr'>quibus</span> <span class='ocrx_word' id='word_1_132' title='bbox 469 1915 817 1984; x_wconf 82' lang='lat' dir='ltr'>alphabetum</span> <span class='ocrx_word' id='word_1_133' title='bbox 871 1916 1114 1983; x_wconf 85' lang='lat' dir='ltr'>mysticis</span> <span class='ocrx_word' id='word_1_134' title='bbox 1168 1919 1370 1968; x_wconf 91' lang='lat' dir='ltr'>tectum</span> <span class='ocrx_word' id='word_1_135' title='bbox 1429 1916 1790 1983; x_wconf 80' lang='lat' dir='ltr'>sacramentiS,</span> 
     </span>
     <span class='ocr_line' id='line_1_21' title="bbox 106 1989 1880 2059; baseline -0.002 -17"><span class='ocrx_word' id='word_1_136' title='bbox 106 1990 254 2042; x_wconf 88' lang='lat' dir='ltr'>velut</span> <span class='ocrx_word' id='word_1_137' title='bbox 301 1990 569 2043; x_wconf 88' lang='lat' dir='ltr'>humanae</span> <span class='ocrx_word' id='word_1_138' title='bbox 618 1989 1020 2042; x_wconf 84' lang='lat' dir='ltr'>consuetudinis</span> <span class='ocrx_word' id='word_1_139' title='bbox 1068 1990 1323 2042; x_wconf 85' lang='lat' dir='ltr'>excedens</span> <span class='ocrx_word' id='word_1_140' title='bbox 1362 1989 1789 2059; x_wconf 82' lang='lat' dir='ltr'>intelligentiam,</span> <span class='ocrx_word' id='word_1_141' title='bbox 1823 2000 1880 2039; x_wconf 82' lang='lat'>20</span> 
     </span>
     <span class='ocr_line' id='line_1_22' title="bbox 107 2062 1790 2134; baseline -0.002 -18"><span class='ocrx_word' id='word_1_142' title='bbox 107 2063 299 2116; x_wconf 89' lang='lat' dir='ltr'>clausit</span> <span class='ocrx_word' id='word_1_143' title='bbox 352 2063 483 2116; x_wconf 91' lang='lat' dir='ltr'>solis</span> <span class='ocrx_word' id='word_1_144' title='bbox 538 2063 693 2117; x_wconf 90' lang='lat' dir='ltr'>credo</span> <span class='ocrx_word' id='word_1_145' title='bbox 742 2082 924 2116; x_wconf 91' lang='lat' dir='ltr'>eorum</span> <span class='ocrx_word' id='word_1_146' title='bbox 981 2064 1187 2134; x_wconf 84' lang='lat' dir='ltr'>gratiae</span> <span class='ocrx_word' id='word_1_147' title='bbox 1234 2064 1319 2116; x_wconf 87' lang='lat' dir='ltr'>vel</span> <span class='ocrx_word' id='word_1_148' title='bbox 1364 2063 1572 2115; x_wconf 90' lang='lat' dir='ltr'>meritis</span> <span class='ocrx_word' id='word_1_149' title='bbox 1621 2062 1790 2114; x_wconf 90' lang='lat' dir='ltr'>mani-</span> 
     </span>
     <span class='ocr_line' id='line_1_23' title="bbox 106 2136 1790 2206; baseline -0.001 -17"><span class='ocrx_word' id='word_1_150' title='bbox 106 2137 327 2205; x_wconf 86' lang='lat' dir='ltr'>festum,</span> <span class='ocrx_word' id='word_1_151' title='bbox 374 2137 430 2189; x_wconf 90' lang='lat' dir='ltr'>id</span> <span class='ocrx_word' id='word_1_152' title='bbox 468 2138 563 2206; x_wconf 89' lang='lat' dir='ltr'>ist,</span> <span class='ocrx_word' id='word_1_153' title='bbox 608 2137 676 2189; x_wconf 91' lang='lat' dir='ltr'>ad</span> <span class='ocrx_word' id='word_1_154' title='bbox 715 2137 968 2190; x_wconf 86' lang='lat' dir='ltr'>abbatem</span> <span class='ocrx_word' id='word_1_155' title='bbox 1009 2136 1317 2191; x_wconf 84' lang='lat' dir='ltr'>Cornelium</span> <span class='ocrx_word' id='word_1_156' title='bbox 1356 2155 1543 2205; x_wconf 90' lang='lat' dir='ltr'>unam,</span> <span class='ocrx_word' id='word_1_157' title='bbox 1594 2136 1661 2188; x_wconf 86' lang='lat' dir='ltr'>ad</span> <span class='ocrx_word' id='word_1_158' title='bbox 1701 2136 1790 2187; x_wconf 87' lang='lat' dir='ltr'>ab·</span> 
     </span>
     <span class='ocr_line' id='line_1_24' title="bbox 106 2209 1790 2280; baseline -0.002 -17"><span class='ocrx_word' id='word_1_159' title='bbox 106 2211 289 2263; x_wconf 86' lang='lat' dir='ltr'>batem</span> <span class='ocrx_word' id='word_1_160' title='bbox 324 2209 518 2279; x_wconf 81' lang='lat' dir='ltr'>Syrum</span> <span class='ocrx_word' id='word_1_161' title='bbox 556 2229 744 2280; x_wconf 88' lang='lat' dir='ltr'>unam,</span> <span class='ocrx_word' id='word_1_162' title='bbox 785 2211 852 2264; x_wconf 90' lang='lat' dir='ltr'>ad</span> <span class='ocrx_word' id='word_1_163' title='bbox 884 2211 1122 2264; x_wconf 93' lang='lat' dir='ltr'>omnium</span> <span class='ocrx_word' id='word_1_164' title='bbox 1154 2211 1602 2264; x_wconf 88' lang='lat' dir='ltr'>monasteriorum</span> <span class='ocrx_word' id='word_1_165' title='bbox 1641 2226 1790 2278; x_wconf 89' lang='lat' dir='ltr'>prae-</span> 
     </span>
     <span class='ocr_line' id='line_1_25' title="bbox 106 2282 1790 2353; baseline -0.002 -16"><span class='ocrx_word' id='word_1_166' title='bbox 106 2285 336 2353; x_wconf 88' lang='lat' dir='ltr'>positos,</span> <span class='ocrx_word' id='word_1_167' title='bbox 399 2287 460 2337; x_wconf 91' lang='lat' dir='ltr'>ut</span> <span class='ocrx_word' id='word_1_168' title='bbox 512 2284 569 2336; x_wconf 91' lang='lat' dir='ltr'>in</span> <span class='ocrx_word' id='word_1_169' title='bbox 626 2303 793 2336; x_wconf 92' lang='lat' dir='ltr'>unum</span> <span class='ocrx_word' id='word_1_170' title='bbox 855 2285 1128 2353; x_wconf 88' lang='lat' dir='ltr'>antiquius</span> <span class='ocrx_word' id='word_1_171' title='bbox 1182 2284 1589 2351; x_wconf 89' lang='lat' dir='ltr'>monasterium,</span> <span class='ocrx_word' id='word_1_172' title='bbox 1651 2282 1790 2352; x_wconf 90' lang='lat' dir='ltr'>quod</span> 
     </span>
     <span class='ocr_line' id='line_1_26' title="bbox 107 2357 1879 2428; baseline -0.003 -18"><span class='ocrx_word' id='word_1_173' title='bbox 107 2359 300 2428; x_wconf 87' lang='lat' dir='ltr'>lingua</span> <span class='ocrx_word' id='word_1_174' title='bbox 345 2359 663 2427; x_wconf 86' lang='lat' dir='ltr'>aegyptiaca</span> <span class='ocrx_word' id='word_1_175' title='bbox 709 2360 931 2410; x_wconf 88' lang='lat' dir='ltr'>vocatur</span> <span class='ocrx_word' id='word_1_176' title='bbox 967 2357 1164 2426; x_wconf 84' lang='lat' dir='ltr'>Baum,</span> <span class='ocrx_word' id='word_1_177' title='bbox 1211 2357 1525 2428; x_wconf 83' lang='lat' dir='ltr'>congregati</span> <span class='ocrx_word' id='word_1_178' title='bbox 1562 2357 1791 2426; x_wconf 89' lang='lat' dir='ltr'>paschae</span> <span class='ocrx_word' id='word_1_179' title='bbox 1823 2367 1879 2405; x_wconf 83' lang='lat'>25</span> 
     </span>
     <span class='ocr_line' id='line_1_27' title="bbox 110 2431 1791 2500; baseline -0.002 -16"><span class='ocrx_word' id='word_1_180' title='bbox 110 2432 252 2484; x_wconf 93' lang='lat' dir='ltr'>diem</span> <span class='ocrx_word' id='word_1_181' title='bbox 284 2431 432 2484; x_wconf 87' lang='lat' dir='ltr'>velut</span> <span class='ocrx_word' id='word_1_182' title='bbox 464 2434 683 2484; x_wconf 82' lang='lat' dir='ltr'>aeterna</span> <span class='ocrx_word' id='word_1_183' title='bbox 713 2432 833 2499; x_wconf 85' lang='lat' dir='ltr'>lege</span> <span class='ocrx_word' id='word_1_184' title='bbox 866 2432 1253 2496; x_wconf 89' lang='lat' dir='ltr'>concelebrent,</span> <span class='ocrx_word' id='word_1_185' title='bbox 1285 2432 1572 2500; x_wconf 91' lang='lat' dir='ltr'>epistulam</span> <span class='ocrx_word' id='word_1_186' title='bbox 1604 2448 1791 2491; x_wconf 85' lang='lat' dir='ltr'>unam3</span> 
     </span>
     <span class='ocr_line' id='line_1_28' title="bbox 111 2502 1790 2574; baseline -0.002 -17"><span class='ocrx_word' id='word_1_187' title='bbox 111 2506 357 2558; x_wconf 88' lang='lat' dir='ltr'>similiter</span> <span class='ocrx_word' id='word_1_188' title='bbox 404 2505 470 2557; x_wconf 86' lang='lat' dir='ltr'>ad</span> <span class='ocrx_word' id='word_1_189' title='bbox 518 2505 659 2558; x_wconf 92' lang='lat' dir='ltr'>diem</span> <span class='ocrx_word' id='word_1_190' title='bbox 707 2506 1066 2574; x_wconf 80' lang='lat' dir='ltr'>remissioniS,</span> <span class='ocrx_word' id='word_1_191' title='bbox 1123 2524 1259 2574; x_wconf 89' lang='lat' dir='ltr'>quae</span> <span class='ocrx_word' id='word_1_192' title='bbox 1314 2522 1495 2557; x_wconf 90' lang='lat' dir='ltr'>mense</span> <span class='ocrx_word' id='word_1_193' title='bbox 1542 2502 1790 2572; x_wconf 81' lang='lat' dir='ltr'>Augusto</span> 
     </span>
    </p>
   </div>
   <div class='ocr_carea' id='block_1_7' title="bbox 107 2631 1792 2928">
    <p class='ocr_par' dir='ltr' id='par_1_7' title="bbox 107 2631 1792 2928">
     <span class='ocr_line' id='line_1_29' title="bbox 229 2631 1790 2681; baseline -0.003 -2"><span class='ocrx_word' id='word_1_194' title='bbox 229 2641 253 2679; x_wconf 83' lang='lat'>2</span> <span class='ocrx_word' id='word_1_195' title='bbox 286 2635 471 2680; x_wconf 89' lang='lat' dir='ltr'>Bamb.:</span> <span class='ocrx_word' id='word_1_196' title='bbox 503 2635 788 2680; x_wconf 88' lang='lat' dir='ltr'>Donatianos</span> <span class='ocrx_word' id='word_1_197' title='bbox 813 2635 1043 2680; x_wconf 83' lang='lat' dir='ltr'>Monteses</span> <span class='ocrx_word' id='word_1_198' title='bbox 1143 2640 1198 2680; x_wconf 91' lang='grc'>10</span> <span class='ocrx_word' id='word_1_199' title='bbox 1223 2635 1405 2681; x_wconf 88' lang='lat' dir='ltr'>Bamb.:</span> <span class='ocrx_word' id='word_1_200' title='bbox 1438 2634 1520 2678; x_wconf 87' lang='lat' dir='ltr'>aut</span> <span class='ocrx_word' id='word_1_201' title='bbox 1608 2631 1790 2676; x_wconf 84' lang='lat' dir='ltr'>Bamb.:</span> 
     </span>
     <span class='ocr_line' id='line_1_30' title="bbox 108 2693 1791 2741; baseline -0.004 -3"><span class='ocrx_word' id='word_1_202' title='bbox 108 2695 307 2738; x_wconf 86' lang='lat' dir='ltr'>aliarum</span> <span class='ocrx_word' id='word_1_203' title='bbox 414 2699 468 2738; x_wconf 82' lang='lat'>12</span> <span class='ocrx_word' id='word_1_204' title='bbox 499 2694 684 2738; x_wconf 84' lang='lat' dir='ltr'>Bamb.:</span> <span class='ocrx_word' id='word_1_205' title='bbox 715 2694 887 2739; x_wconf 86' lang='lat' dir='ltr'>viderit</span> <span class='ocrx_word' id='word_1_206' title='bbox 1006 2695 1114 2741; x_wconf 87' lang='lat' dir='ltr'>Vat.</span> <span class='ocrx_word' id='word_1_207' title='bbox 1147 2696 1196 2738; x_wconf 91' lang='lat' dir='ltr'>et</span> <span class='ocrx_word' id='word_1_208' title='bbox 1237 2694 1396 2738; x_wconf 84' lang='lat' dir='ltr'>Bamb.</span> <span class='ocrx_word' id='word_1_209' title='bbox 1432 2695 1480 2737; x_wconf 93' lang='lat' dir='ltr'>et</span> <span class='ocrx_word' id='word_1_210' title='bbox 1506 2693 1661 2735; x_wconf 70' lang='lat' dir='ltr'>Bern:</span> <span class='ocrx_word' id='word_1_211' title='bbox 1694 2706 1791 2734; x_wconf 88' lang='lat' dir='ltr'>mu-</span> 
     </span>
     <span class='ocr_line' id='line_1_31' title="bbox 108 2749 1791 2810; baseline -0.002 -14"><span class='ocrx_word' id='word_1_212' title='bbox 108 2753 305 2796; x_wconf 83' lang='lat' dir='ltr'>tandam</span> <span class='ocrx_word' id='word_1_213' title='bbox 429 2757 483 2797; x_wconf 84' lang='lat'>15</span> <span class='ocrx_word' id='word_1_214' title='bbox 515 2753 700 2798; x_wconf 86' lang='lat' dir='ltr'>Bamb.:</span> <span class='ocrx_word' id='word_1_215' title='bbox 732 2753 958 2808; x_wconf 80' lang='lat' dir='ltr'>insignia;</span> <span class='ocrx_word' id='word_1_216' title='bbox 989 2754 1118 2798; x_wconf 89' lang='lat' dir='ltr'>Vat.:</span> <span class='ocrx_word' id='word_1_217' title='bbox 1152 2767 1291 2810; x_wconf 86' lang='lat' dir='ltr'>quam</span> <span class='ocrx_word' id='word_1_218' title='bbox 1322 2752 1454 2808; x_wconf 84' lang='lat' dir='ltr'>signa</span> <span class='ocrx_word' id='word_1_219' title='bbox 1575 2755 1630 2794; x_wconf 88' lang='lat'>16</span> <span class='ocrx_word' id='word_1_220' title='bbox 1662 2749 1791 2793; x_wconf 84' lang='lat' dir='ltr'>Vat.:</span> 
     </span>
     <span class='ocr_line' id='line_1_32' title="bbox 107 2809 1792 2865; baseline -0.002 -9"><span class='ocrx_word' id='word_1_221' title='bbox 107 2813 443 2856; x_wconf 82' lang='lat' dir='ltr'>monachorum</span> <span class='ocrx_word' id='word_1_222' title='bbox 571 2817 627 2856; x_wconf 82' lang='lat'>20</span> <span class='ocrx_word' id='word_1_223' title='bbox 659 2812 764 2856; x_wconf 84' lang='lat' dir='ltr'>Vat.</span> <span class='ocrx_word' id='word_1_224' title='bbox 799 2816 847 2857; x_wconf 86' lang='lat' dir='ltr'>et</span> <span class='ocrx_word' id='word_1_225' title='bbox 876 2813 1032 2859; x_wconf 86' lang='lat' dir='ltr'>Bern.:</span> <span class='ocrx_word' id='word_1_226' title='bbox 1072 2812 1392 2865; x_wconf 78' lang='lat' dir='ltr'>excedentem3</span> <span class='ocrx_word' id='word_1_227' title='bbox 1439 2809 1622 2854; x_wconf 88' lang='lat' dir='ltr'>Bamb.:</span> <span class='ocrx_word' id='word_1_228' title='bbox 1665 2822 1792 2853; x_wconf 83' lang='lat' dir='ltr'>exce-</span> 
     </span>
     <span class='ocr_line' id='line_1_33' title="bbox 112 2867 1678 2928; baseline -0.001 -15"><span class='ocrx_word' id='word_1_229' title='bbox 112 2870 250 2915; x_wconf 83' lang='lat' dir='ltr'>dente</span> <span class='ocrx_word' id='word_1_230' title='bbox 283 2870 600 2928; x_wconf 84' lang='lat' dir='ltr'>intelligentia</span> <span class='ocrx_word' id='word_1_231' title='bbox 720 2875 773 2914; x_wconf 82' lang='lat'>21</span> <span class='ocrx_word' id='word_1_232' title='bbox 808 2871 994 2917; x_wconf 85' lang='lat' dir='ltr'>Bamb.:</span> <span class='ocrx_word' id='word_1_233' title='bbox 1028 2871 1194 2915; x_wconf 89' lang='lat' dir='ltr'>merito</span> <span class='ocrx_word' id='word_1_234' title='bbox 1330 2874 1386 2913; x_wconf 83' lang='lat'>25</span> <span class='ocrx_word' id='word_1_235' title='bbox 1418 2869 1546 2913; x_wconf 88' lang='lat' dir='ltr'>Vat.:</span> <span class='ocrx_word' id='word_1_236' title='bbox 1578 2867 1678 2911; x_wconf 89' lang='lat' dir='ltr'>Bau</span> 
     </span>
    </p>
   </div>
  </div>
 </body>
</html>
