1974 3192
137 345 262 380 men
302 344 430 380 cura
468 326 723 379 adversus
762 325 1115 381 Nestorianos
1157 330 1210 381 et
1246 328 1632 397 Eutychianos,
1696 328 1824 382 Rui-

134 415 263 453 nam
318 400 482 452 etiam
534 400 854 454 Antiochiae
918 402 1152 471 elegiaco
1210 403 1444 454 carmine
1497 402 1708 471 planxit
1760 421 1822 456 eo

137 475 409 527 auditores
447 474 693 526 imbuens
742 492 895 538 son0,
944 493 1049 543 quo
1087 475 1327 544 Ephrem
1374 476 1627 529 diaconus
1666 476 1852 530 Nico-.

134 548 340 600 mediae
386 548 611 616 lapsum.
695 547 924 600 Moritur
970 547 1148 601 Leone
1197 551 1251 600 et
1301 549 1602 602 Maioriano
1658 551 1823 619 impe-

133 622 395 674 rantibus,

733 698 868 773 Cap.
917 697 1043 756 LX
1055 698 1233 756 VIII.

286 810 594 882 SalvianuS,
639 811 996 865 Massiliensis
1035 813 1332 882 presbyter,
1380 814 1617 866 humana
1657 816 1710 866 et
1748 814 1823 866 di-

133 887 259 940 vina
295 886 601 940 litteratura
631 886 926 939 instructus
959 889 1026 953 et,
1058 889 1119 939 ut
1151 886 1351 956 absque
1383 887 1585 939 invidia
1618 887 1822 957 loquar,

135 960 510 1030 episcoporum
564 960 837 1029 magister,
894 960 1109 1028 scripsit
1157 960 1480 1013 scholastico
1536 964 1590 1013 et
1635 964 1821 1029 aperto

136 1051 378 1087 sermone
426 1034 619 1102 multa,
674 1052 738 1085 ex
785 1033 977 1102 quibus
1022 1033 1130 1086 ista
1181 1034 1313 1103 legi:
1362 1033 1445 1086 ‘de
1491 1034 1820 1104 virginitatis

134 1106 294 1161 bono'
336 1107 403 1160 ad
433 1106 752 1160 Marcellum
784 1107 1162 1175 presbyterum
1199 1108 1370 1160 libros
1404 1110 1671 1177 quattuor,
1712 1107 1821 1160 ‘ad-

132 1199 347 1234 versum
386 1179 686 1234 avaritiam'
724 1181 893 1234 libros
934 1184 1203 1251 quattuor,
1251 1181 1335 1233 ede
1373 1182 1645 1250 praesenti
1684 1181 1822 1234 iudi-

133 1254 234 1308 cio'
273 1256 440 1308 libros
482 1255 738 1323 quinque,
775 1258 829 1307 et
858 1274 957 1323 pro
991 1273 1175 1308 eorum
1207 1255 1398 1308 merito
1434 1255 1820 1308 satisfactionis

134 1328 222 1382 ‘ad
262 1327 559 1382 Salonium’
604 1329 914 1397 episcopum
963 1329 1162 1381 librum
1210 1347 1392 1398 unum,
1440 1332 1494 1382 et
1534 1330 1820 1397 expositio-

131 1404 216 1455 nis
271 1408 538 1455 extremae
591 1403 762 1470 partis
817 1402 942 1455 libri
991 1401 1350 1456 Ecclesiastes
1403 1403 1470 1455 ad
1522 1401 1820 1470 Claudium,

134 1477 446 1545 episcopum
491 1475 883 1545 Viennensem,
936 1476 1135 1529 librum
1183 1495 1374 1543 unum,
1414 1476 1820 1546 eepistularum'

131 1551 329 1603 librum
360 1569 527 1603 unum
560 1553 614 1603 et
643 1551 700 1603 in
730 1567 935 1603 morem
960 1549 1284 1604 Graecorum
1319 1550 1401 1603 ‘de
1433 1551 1698 1620 principio
1733 1567 1820 1620 ge-

134 1625 276 1678 nesis
314 1642 485 1694 usque
526 1624 593 1676 ad
625 1624 994 1677 condicionem
1025 1624 1279 1677 hominis'
1322 1625 1625 1694 composuit
1663 1643 1821 1678 versu

134 1699 288 1768 quasi
338 1698 694 1751 hexaemeron
742 1698 940 1750 librum
978 1717 1168 1768 unum,
1207 1697 1516 1752 ‘homilias'
1557 1698 1819 1768 episcopis

131 1772 304 1825 factas
342 1773 562 1840 multas,
603 1771 1105 1825 ‘sacramentorum'
1145 1790 1270 1826 vero
1311 1775 1565 1842 quantaS,
1603 1791 1701 1825 nec
1741 1790 1820 1824 re-

134 1847 337 1900 cordor.
399 1846 551 1900 Vivit
589 1864 756 1915 usque
795 1846 954 1898 hodie
994 1846 1052 1898 in
1093 1849 1365 1899 senectute
1405 1847 1561 1900 bona.

769 1997 905 2071 Gap.
953 1997 1196 2055 LXIX.

282 2111 541 2165 Paulinus
590 2112 893 2181 composuit
937 2114 1199 2165 tractatus
1249 2111 1332 2164 ‘de
1382 2112 1534 2165 initio
1585 2111 1819 2175 Quadra-

136 2185 410 2256 gesimae',
458 2205 485 2239 e
538 2187 731 2255 quibus
780 2203 880 2256 ego
928 2185 1060 2238 duos
1110 2186 1244 2255 legi,
1284 2185 1367 2238 ‘de
1408 2186 1492 2238 die
1531 2186 1819 2240 Dominico

134 2258 409 2329 paschae',
449 2259 540 2312 ‘de
588 2258 970 2328 oboedientia'‚
1010 2258 1101 2312 ede
1149 2259 1521 2337 paenitentia',
1562 2259 1652 2313 tde
1698 2278 1820 2312 neo-

134 2332 357 2402 phytis'.

784 2410 921 2485 Cap
968 2410 1174 2468 LXX

283 2524 547 2589 Hilarius,
573 2524 909 2578 Arelatensis
934 2525 1239 2595 episcopuS,
1271 2525 1352 2579 vir
1376 2526 1435 2578 in
1468 2526 1666 2578 sanctis
1693 2526 1820 2578 scri-

134 2600 309 2671 pturis
349 2599 559 2666 doctus
597 2599 933 2668 paupertatis
974 2602 1184 2652 amator
1223 2602 1278 2652 et
1309 2617 1438 2669 erga
1476 2600 1665 2684 inopes
1695 2618 1820 2668 pro-

135 2674 294 2742 visor,
338 2691 452 2726 non
499 2674 672 2726 solum
718 2673 916 2726 mentis
962 2673 1184 2742 pietate,
1232 2674 1324 2726 sed
1365 2677 1418 2726 et
1457 2674 1693 2742 corporis
1735 2674 1818 2726 sui

135 2748 320 2800 labore
362 2746 623 2800 sollicitus
663 2746 778 2800 fuit.
838 2746 982 2800 Nam
1020 2765 1118 2816 pro
1157 2747 1456 2801 reficiendis
1495 2747 1819 2817 pauperibus

255 2868 279 2907 3
313 2862 468 2907 Bern.:
503 2862 794 2907 coauditores
925 2868 948 2907 7
981 2861 1176 2908 Bamb.:
1210 2863 1443 2909 Silvianus
1574 2868 1628 2907 29
1661 2863 1818 2907 Bern.:

138 2936 249 2979 erga
278 2922 470 2979 inopum
500 2921 812 2979 provisionem

1404 2994 1463 3040 7*

1857 1047 1910 1086 10

1854 1413 1908 1453 15

1855 1783 1911 1823 20

1855 2270 1911 2310 25

1851 2685 1910 2726 30
