1974 3192
905 195 1264 246 —60-

242 309 384 378 quod
422 310 636 363 vocavit
671 306 1064 378 καταστροφήν
1103 310 1216 363 sive
1247 319 1463 381 πεῖραν,
1503 315 1559 366 et
1597 313 1694 366 sub
1726 313 1931 368 Valen-

241 383 446 436 tiniano
486 381 726 452 principe
766 383 915 436 obiit.

891 530 1027 606 Cap.
1081 532 1282 591 CXII.

389 644 644 715 Gyrillus,
700 645 1109 715 Hierosolymae
1172 647 1476 718 episcopuS,
1531 667 1689 718 saepe
1743 652 1935 720 pulsus

181 729 205 768 5
240 719 465 772 ecclesia
497 722 551 772 et
588 723 833 789 receptus
867 719 935 772 ad
972 722 1284 790 extremum,
1324 722 1422 775 sub
1447 722 1750 776 Theodosio
1783 725 1926 793 prin—

238 792 352 861 cipe
395 796 516 847 octo
557 793 714 846 annis
747 793 1129 846 inconcussum
1162 793 1531 864 episcopatum
1569 797 1758 849 tenuit.
1821 797 1926 863 Ex-

240 869 388 920 stant
420 867 535 920 eius
574 863 912 936 κατηχήσεις,
954 867 1176 936 quasin
1218 868 1582 923 adulescentia
1613 872 1938 940 composuit.

874 1032 1010 1106 Cap.
1065 1032 1305 1090 CXIII.

391 1145 627 1200 Euzoius
662 1146 804 1215 apud
828 1145 1183 1213 Thespesium
1205 1146 1478 1200 rhetorem
1503 1165 1623 1200 cum
1650 1146 1937 1219 GregoriO,

149 1229 205 1269 10
242 1218 583 1273 Nazianzeno
609 1220 874 1289 episcopo,
899 1218 1211 1272 adulescens
1237 1217 1531 1273 Caesareae
1565 1222 1800 1275 eruditus
1833 1226 1934 1291 est,

238 1296 292 1345 et
354 1293 591 1346 eiusdem
644 1296 835 1362 postea
891 1292 1040 1344 urbis
1103 1293 1383 1362 episcopus
1448 1295 1680 1363 plurimo
1744 1296 1930 1350 labore

236 1370 545 1436 corruptam
596 1368 705 1420 iam
744 1365 1128 1420 bibliothecam
1168 1365 1416 1436 Origenis
1465 1371 1519 1420 et
1557 1368 1825 1438 Pamphili
1870 1370 1927 1422 in

239 1442 567 1494 membranis
599 1441 906 1493 instaurare
938 1442 1163 1493 conatus
1197 1440 1264 1492 ad
1297 1444 1592 1494 extremum
1625 1443 1724 1496 sub
1757 1443 1928 1496 Theo-

238 1514 389 1568 dosio
428 1515 668 1584 principe
701 1514 926 1568 ecclesia
962 1514 1149 1582 pulsus
1182 1516 1278 1566 est.
1338 1512 1606 1568 Feruntur
1648 1516 1760 1569 eius
1791 1516 1930 1570 varii

150 1602 202 1640 15
235 1588 666 1658 multiplicesque
704 1590 994 1655 tractatUS,
1033 1605 1166 1656 quos
1205 1606 1366 1640 nosse
1405 1589 1656 1657 perfacile
1695 1593 1792 1643 est.

878 1753 1014 1828 Gap.
1071 1748 1296 1811 CXIV.

383 1868 746 1938 Epiphanius,
794 1866 962 1937 Cypri
1012 1864 1319 1919 Salaminae
1361 1868 1663 1937 episcopm,
1713 1869 1929 1938 scripsit

234 1944 491 1997 adversus
532 1959 718 1996 omnes
757 1942 973 1995 hereses
1006 1941 1174 1993 libros
1216 1943 1271 1993 et
1307 1941 1480 1993 multa
1519 1941 1641 2006 alia,
1680 1960 1816 2011 quae
1857 1943 1926 1995 ab

236 2018 458 2070 eruditis
505 2018 728 2086 propter
773 2034 886 2085 res,
943 2034 974 2067 a
1030 2013 1448 2083 simplicioribus
1494 2018 1719 2083 propter
1763 2017 1929 2069 verba

146 2106 202 2144 20
234 2109 445 2161 quoque
491 2091 815 2143 lectitantur.
900 2087 1156 2156 Superest
1209 2105 1377 2156 usque
1423 2087 1580 2140 hodie
1640 2092 1694 2142 et
1741 2089 1797 2142 in
1838 2108 1926 2143 ex-

232 2168 404 2218 trema
444 2165 551 2218 iam
591 2165 862 2217 senectute
901 2161 1051 2214 varia
1090 2161 1306 2230 scripsit
1344 2162 1615 2231 opuscula.

893 2312 1028 2387 Cap.
1083 2310 1270 2370 CXV.

381 2427 637 2499 Ephrem,
667 2428 975 2482 Edessenae
1009 2425 1261 2478 ecclesiae
1294 2425 1569 2494 diaconus,
1599 2427 1769 2480 multa
1796 2443 1923 2496 syro

235 2520 481 2556 sermone
529 2503 851 2572 composuit,
899 2504 954 2553 et
994 2500 1060 2553 ad
1099 2501 1311 2552 tantam
1349 2499 1497 2552 venit
1536 2500 1926 2570 claritudinem,

145 2590 200 2630 25
232 2579 295 2628 ut
331 2579 456 2646 post
492 2577 780 2630 lectionem
833 2575 1220 2643 scripturarum
1259 2573 1469 2642 publice
1507 2573 1563 2625 in
1603 2573 1923 2642 quibusdam

232 2650 470 2704 ecclesiis
496 2650 695 2720 scripta
720 2649 832 2702 eius
862 2648 1171 2702 recitentur.
1223 2645 1358 2715 Legi
1390 2645 1473 2699 ‘de
1499 2647 1692 2715 spiritu
1715 2647 1922 2703 sancto'

349 2786 372 2825 1
393 2781 523 2826 Van:
539 2793 703 2838 peram
786 2785 812 2823 9
830 2779 959 2823 Vat.:
985 2777 1265 2823 rhetoricam
1283 2776 1579 2833 (rhetorica?)
1667 2781 1720 2822 15
1737 2777 1921 2822 Bamb.:

229 2839 345 2884 scire
429 2844 487 2885 20
511 2840 694 2885 Bamb.:
727 2838 893 2895 ignota
975 2842 1029 2881 21
1055 2836 1219 2880 Bamb.
1247 2837 1297 2880 et
1317 2835 1547 2880 Norimb.:
1581 2836 1730 2891 cudit;
1764 2837 1919 2881 Bern.:

228 2898 439 2944 condidit
559 2904 614 2943 23
647 2899 776 2943 Vat.:
808 2896 1046 2942 Edesenae
