1974 3192
206 2896 264 2949 8:

877 181 1153 224 -Χ-..

255 336 266 369 :
305 332 503 368 annum
542 316 766 368 Neronis
805 357 815 367 .
858 355 869 367 .
909 314 1121 368 XIIII.

255 410 266 442 ε
307 407 341 442 a
377 406 475 456 quo
514 389 720 456 adfixus
760 386 859 457 (V)
899 393 945 440 et
982 405 1079 441 om.

257 483 269 515 ε
307 463 582 515 secundum
619 462 878 515 Marcum.
921 492 990 498 —
1030 461 1096 514 A.
1134 461 1227 515 V.:
1266 461 1433 514 iuxta.

254 556 274 588 z.
306 538 586 588 auoborum
625 534 735 605 (A.:
777 539 1021 588 aetorum
1058 535 1390 599 inscribitur,
1431 534 1544 586 eius
1585 532 1729 604 om.).

257 629 268 662 ε
311 627 672 679 apooaypseos
714 606 826 679 (V.:
866 608 1301 679 Apocalypsius).
1343 607 1609 677 apocrifas
1649 605 1779 679 (V.).

256 703 267 736 ε
305 683 355 736 J
347 683 495 751 oseph
510 700 570 736 ex
585 684 696 736 alia
711 700 871 736 uxore
886 683 947 736 P.
989 682 1075 736 V.:
1091 683 1234 735 filius
1252 682 1289 735 J
1291 682 1459 750 oseph
1478 699 1541 734 ex
1559 681 1664 734 alia
1679 698 1859 735 uxore.

256 777 268 810 :
309 755 392 810 ‘ab
438 756 699 824 apostolis'
750 774 854 810 om.
940 756 1003 810 V.
1015 757 1099 810 A.:
1148 756 1235 809 ‘ab
1283 754 1584 825 Apostolis'
1635 755 1751 808 add.
1799 784 1870 794 —-

308 830 825 899 Hierosolymarum.

254 924 266 957 t
305 905 369 957 ab
407 905 678 972 aliquibus,
723 937 784 943 —
828 903 991 958 V.A.:
1033 904 1100 957 ab
1143 904 1249 958 alio
1290 903 1538 973 quodam.

254 998 265 1030 ε
304 979 563 1032 adseritur
601 976 729 1049 (V..)

249 1072 261 1105 ι
305 1051 669 1122 Hegisyppus.

256 1145 267 1178 ε
307 1125 809 1195 Hierosolymorum
849 1123 1035 1196 (V.A.:
1067 1123 1508 1194 Hierosolimae).

922 1256 1039 1314 Paq.
1073 1260 1117 1301 8.

307 1316 593 1458 {Zimziocam
632 1389 744 1461 (V.)
786 1434 796 1444 .
838 1433 849 1444 .
891 1432 902 1444 .
939 1395 1123 1444 unctus
1159 1394 1378 1459 ungento
1423 1388 1539 1460 (A).
1617 1388 1729 1458 (V.:
1768 1407 1867 1442 un·
1950 1409 1953 1415 ’

310 1467 425 1516 otus
467 1468 548 1517 esi]
585 1463 868 1536 ungento).

254 1557 265 1591 :
311 1536 408 1589 ein'
453 1557 554 1591 om.

254 1631 264 1663 :
306 1611 703 1680 dipreeabatur.
773 1668 778 1675 ,

254 1705 265 1738 :
306 1687 654 1739 camellorum
692 1687 954 1740 duritiem.

255 1778 267 1811 z
306 1760 473 1812 multa
510 1761 635 1813 alia.

253 1852 265 1886 :
306 1833 364 1885 in
402 1832 563 1886 XX0.

257 1927 269 1959 z
308 1901 682 1971 ὑπουττωσος.

254 2001 265 2034 :
305 1980 530 2034 Judeam
570 1981 696 2052 (V.).

255 2074 267 2107 ε
306 2053 589 2108 Annianus
613 2057 789 2125 inquit
814 2055 887 2127 (P)
914 2056 1187 2125 pontifex,
1226 2055 1512 2113 Annaniae
1550 2055 1694 2123 filius
1730 2055 1861 2108 adu-

309 2130 493 2182 lescens
531 2127 643 2196 (V.:
682 2130 965 2183 Annanias
1007 2173 1018 2184 .
1059 2131 1355 2183 adoliscens
1398 2129 1638 2183 Anniani
1674 2126 1877 2197 filius).-

253 2221 265 2254 :
303 2200 544 2271 lapidare
583 2203 871 2257 confractis
911 2202 978 2257 Pl
1017 2223 1138 2258 oum
1176 2204 1362 2257 fractis
1403 2221 1538 2257 corr.
1578 2200 1659 2256 ΡΞ.

256 2295 267 2328 :
309 2275 468 2329 ‘cum'
510 2295 614 2330 om.

254 2370 265 2402 :
305 2349 538 2404 folloniS.
584 2382 646 2389 -
691 2350 835 2405 ‘uda'
877 2369 977 2406 om.

254 2443 266 2476 ε
305 2425 363 2476 in
391 2425 611 2492 populos
651 2424 781 2495 (V..)

253 2517 264 2550 :
303 2500 571 2551 testantur
610 2496 679 2570 et]
725 2499 818 2552 ee13'
861 2518 963 2553 om.

923 2615 1040 2672 Paq.
1073 2619 1115 2660 9.

253 2694 265 2727 ε
306 2675 448 2745 quod
485 2674 559 2742 V]
599 2691 694 2728 om.
734 2674 850 2728 PA.

254 2768 265 2801 ε
306 2767 426 2802 cum
467 2790 478 2801 .
518 2792 528 2802 .
571 2790 582 2802 .
621 2750 913 2802 sacerdotis
958 2749 1187 2816 A.B.V.]
1231 2767 1328 2804 om.
1375 2749 1435 2803 P.

255 2823 409 2875 :ibit
447 2822 572 2877 RV.

305 2897 610 2965 paulolum,
648 2897 863 2963 adferte.
