<?xml version="1.0" encoding="UTF-8"?>
<!DOCTYPE html PUBLIC "-//W3C//DTD XHTML 1.0 Transitional//EN"
    "http://www.w3.org/TR/xhtml1/DTD/xhtml1-transitional.dtd">
<html xmlns="http://www.w3.org/1999/xhtml" xml:lang="en" lang="en">
 <head>
  <title>
</title>
<meta http-equiv="Content-Type" content="text/html;charset=utf-8" />
  <meta name='ocr-system' content='tesseract 3.04.00' />
  <meta name='ocr-capabilities' content='ocr_page ocr_carea ocr_par ocr_line ocrx_word'/>
</head>
<body>
  <div class='ocr_page' id='page_1' title='image "./devirisinlustrib00jerouoft_0094.png"; bbox 0 0 1974 3192; ppageno 0'>
   <div class='ocr_carea' id='block_1_1' title="bbox 894 173 1254 226">
    <p class='ocr_par' dir='ltr' id='par_1_1' title="bbox 894 173 1254 226">
     <span class='ocr_line' id='line_1_1' title="bbox 894 173 1254 226; baseline 0 -16"><span class='ocrx_word' id='word_1_1' title='bbox 894 173 1254 226; x_wconf 75' lang='lat'>..46-</span> 
     </span>
    </p>
   </div>
   <div class='ocr_carea' id='block_1_2' title="bbox 136 288 1921 2041">
    <p class='ocr_par' dir='ltr' id='par_1_2' title="bbox 136 288 1921 2041">
     <span class='ocr_line' id='line_1_2' title="bbox 232 288 1916 359; baseline 0 -14"><span class='ocrx_word' id='word_1_2' title='bbox 232 290 474 345; x_wconf 80' lang='lat' dir='ltr'>salutem.</span> <span class='ocrx_word' id='word_1_3' title='bbox 554 288 611 342; x_wconf 82' lang='lat' dir='ltr'>Si</span> <span class='ocrx_word' id='word_1_4' title='bbox 649 290 876 359; x_wconf 77' lang='lat' dir='ltr'>invituS,</span> <span class='ocrx_word' id='word_1_5' title='bbox 920 291 982 341; x_wconf 88' lang='lat' dir='ltr'>ut</span> <span class='ocrx_word' id='word_1_6' title='bbox 1021 288 1174 354; x_wconf 84' lang='grc'>(11616,</span> <span class='ocrx_word' id='word_1_7' title='bbox 1221 290 1499 344; x_wconf 85' lang='lat' dir='ltr'>ordinatus</span> <span class='ocrx_word' id='word_1_8' title='bbox 1540 308 1618 357; x_wconf 88' lang='grc'>66,</span> <span class='ocrx_word' id='word_1_9' title='bbox 1657 291 1916 359; x_wconf 59' lang='lat' dir='ltr'>probabis</span> 
     </span>
     <span class='ocr_line' id='line_1_3' title="bbox 230 362 1103 433; baseline -0.003 -15"><span class='ocrx_word' id='word_1_10' title='bbox 230 364 357 433; x_wconf 90' lang='lat' dir='ltr'>hoc,</span> <span class='ocrx_word' id='word_1_11' title='bbox 397 382 519 416; x_wconf 90' lang='lat' dir='ltr'>cum</span> <span class='ocrx_word' id='word_1_12' title='bbox 558 363 746 415; x_wconf 84' lang='lat' dir='ltr'>volens</span> <span class='ocrx_word' id='word_1_13' title='bbox 783 362 1103 416; x_wconf 65' lang='lat' dir='ltr'>recesseris?</span> 
     </span>
     <span class='ocr_line' id='line_1_4' title="bbox 377 435 1921 506; baseline 0.002 -17"><span class='ocrx_word' id='word_1_14' title='bbox 377 435 481 489; x_wconf 84' lang='lat' dir='ltr'>Est</span> <span class='ocrx_word' id='word_1_15' title='bbox 527 436 641 489; x_wconf 89' lang='lat' dir='ltr'>eius</span> <span class='ocrx_word' id='word_1_16' title='bbox 696 438 751 489; x_wconf 86' lang='lat' dir='ltr'>et</span> <span class='ocrx_word' id='word_1_17' title='bbox 812 437 880 489; x_wconf 90' lang='lat' dir='ltr'>ad</span> <span class='ocrx_word' id='word_1_18' title='bbox 925 435 1251 505; x_wconf 87' lang='lat' dir='ltr'>Dionysium</span> <span class='ocrx_word' id='word_1_19' title='bbox 1309 438 1363 489; x_wconf 88' lang='lat' dir='ltr'>et</span> <span class='ocrx_word' id='word_1_20' title='bbox 1405 435 1699 506; x_wconf 89' lang='lat' dir='ltr'>Didymum</span> <span class='ocrx_word' id='word_1_21' title='bbox 1747 438 1921 492; x_wconf 74' lang='lat' dir='ltr'>altera</span> 
     </span>
     <span class='ocr_line' id='line_1_5' title="bbox 230 506 1915 580; baseline 0.001 -16"><span class='ocrx_word' id='word_1_22' title='bbox 230 510 462 580; x_wconf 89' lang='lat' dir='ltr'>epistula</span> <span class='ocrx_word' id='word_1_23' title='bbox 508 513 563 562; x_wconf 88' lang='lat' dir='ltr'>et</span> <span class='ocrx_word' id='word_1_24' title='bbox 609 506 960 580; x_wconf 79' lang='grc' dir='ltr'><em>ἑορταστικαί</em></span> <span class='ocrx_word' id='word_1_25' title='bbox 1002 509 1066 562; x_wconf 93' lang='grc'>(16</span> <span class='ocrx_word' id='word_1_26' title='bbox 1110 509 1313 579; x_wconf 87' lang='lat' dir='ltr'>pascha</span> <span class='ocrx_word' id='word_1_27' title='bbox 1350 509 1613 578; x_wconf 80' lang='lat' dir='ltr'>plurimae</span> <span class='ocrx_word' id='word_1_28' title='bbox 1652 511 1915 566; x_wconf 87' lang='lat' dir='ltr'>declama-</span> 
     </span>
     <span class='ocr_line' id='line_1_6' title="bbox 171 582 1916 653; baseline 0.002 -17"><span class='ocrx_word' id='word_1_29' title='bbox 171 596 198 636; x_wconf 83' lang='lat'>5</span> <span class='ocrx_word' id='word_1_30' title='bbox 230 585 371 638; x_wconf 90' lang='lat' dir='ltr'>torio</span> <span class='ocrx_word' id='word_1_31' title='bbox 413 601 659 637; x_wconf 82' lang='lat' dir='ltr'>sermone</span> <span class='ocrx_word' id='word_1_32' title='bbox 694 584 1056 653; x_wconf 72' lang='lat' dir='ltr'>conscriptae,</span> <span class='ocrx_word' id='word_1_33' title='bbox 1094 586 1150 636; x_wconf 90' lang='lat' dir='ltr'>et</span> <span class='ocrx_word' id='word_1_34' title='bbox 1188 583 1256 636; x_wconf 87' lang='lat' dir='ltr'>ad</span> <span class='ocrx_word' id='word_1_35' title='bbox 1293 582 1714 637; x_wconf 82' lang='lat' dir='ltr'><strong>Alexandrinam</strong></span> <span class='ocrx_word' id='word_1_36' title='bbox 1752 586 1916 640; x_wconf 86' lang='grc'>66616-</span> 
     </span>
     <span class='ocr_line' id='line_1_7' title="bbox 232 656 1915 728; baseline 0.001 -18"><span class='ocrx_word' id='word_1_37' title='bbox 232 658 366 711; x_wconf 85' lang='lat' dir='ltr'><strong>siam</strong></span> <span class='ocrx_word' id='word_1_38' title='bbox 407 658 469 711; x_wconf 92' lang='lat' dir='ltr'>de</span> <span class='ocrx_word' id='word_1_39' title='bbox 510 658 724 727; x_wconf 85' lang='lat' dir='ltr'>exsilio,</span> <span class='ocrx_word' id='word_1_40' title='bbox 774 660 828 711; x_wconf 89' lang='lat' dir='ltr'>et</span> <span class='ocrx_word' id='word_1_41' title='bbox 865 658 932 711; x_wconf 93' lang='lat' dir='ltr'>ad</span> <span class='ocrx_word' id='word_1_42' title='bbox 970 656 1281 726; x_wconf 88' lang='lat' dir='ltr'>Hieracam,</span> <span class='ocrx_word' id='word_1_43' title='bbox 1326 657 1385 709; x_wconf 89' lang='lat' dir='ltr'>in</span> <span class='ocrx_word' id='word_1_44' title='bbox 1422 657 1674 727; x_wconf 87' lang='lat' dir='ltr'>Aegypto</span> <span class='ocrx_word' id='word_1_45' title='bbox 1708 659 1915 728; x_wconf 86' lang='lat' dir='ltr'>episco-</span> 
     </span>
     <span class='ocr_line' id='line_1_8' title="bbox 227 730 1917 802; baseline 0.001 -18"><span class='ocrx_word' id='word_1_46' title='bbox 227 750 371 801; x_wconf 85' lang='lat' dir='ltr'>pum,</span> <span class='ocrx_word' id='word_1_47' title='bbox 395 735 451 785; x_wconf 91' lang='lat' dir='ltr'>et</span> <span class='ocrx_word' id='word_1_48' title='bbox 476 731 583 784; x_wconf 89' lang='lat' dir='ltr'>alia</span> <span class='ocrx_word' id='word_1_49' title='bbox 608 731 692 784; x_wconf 73' lang='lat' dir='ltr'>‘de</span> <span class='ocrx_word' id='word_1_50' title='bbox 714 730 1065 785; x_wconf 83' lang='lat' dir='ltr'>mortalitate&#39;</span> <span class='ocrx_word' id='word_1_51' title='bbox 1098 735 1153 784; x_wconf 87' lang='lat' dir='ltr'>et</span> <span class='ocrx_word' id='word_1_52' title='bbox 1177 730 1260 784; x_wconf 73' lang='lat' dir='ltr'>ede</span> <span class='ocrx_word' id='word_1_53' title='bbox 1285 730 1532 784; x_wconf 85' lang='lat' dir='ltr'>sabbato&#39;</span> <span class='ocrx_word' id='word_1_54' title='bbox 1557 734 1612 784; x_wconf 86' lang='lat' dir='ltr'>et</span> <span class='ocrx_word' id='word_1_55' title='bbox 1632 730 1758 802; x_wconf 80' lang='grc' dir='ltr'><strong><em>περὶ</em></strong></span> <span class='ocrx_word' id='word_1_56' title='bbox 1782 753 1917 802; x_wconf 72' lang='grc' dir='ltr'><em>γυμ-</em></span> 
     </span>
     <span class='ocr_line' id='line_1_9' title="bbox 227 804 1918 875; baseline 0.001 -17"><span class='ocrx_word' id='word_1_57' title='bbox 227 807 448 873; x_wconf 78' lang='grc' dir='ltr'><strong><em>νασίου,</em></strong></span> <span class='ocrx_word' id='word_1_58' title='bbox 489 808 543 858; x_wconf 91' lang='grc'>61</span> <span class='ocrx_word' id='word_1_59' title='bbox 580 805 649 858; x_wconf 88' lang='grc'>6(1</span> <span class='ocrx_word' id='word_1_60' title='bbox 679 804 1180 875; x_wconf 85' lang='grc' dir='ltr'>Η6111161111110116111,</span> <span class='ocrx_word' id='word_1_61' title='bbox 1211 807 1266 858; x_wconf 91' lang='grc'>61</span> <span class='ocrx_word' id='word_1_62' title='bbox 1296 805 1403 857; x_wconf 84' lang='grc'>6116</span> <span class='ocrx_word' id='word_1_63' title='bbox 1437 804 1521 857; x_wconf 77' lang='lat' dir='ltr'>‘de</span> <span class='ocrx_word' id='word_1_64' title='bbox 1546 807 1918 874; x_wconf 87' lang='lat' dir='ltr'>persecutione</span> 
     </span>
     <span class='ocr_line' id='line_1_10' title="bbox 226 878 1917 949; baseline 0 -17"><span class='ocrx_word' id='word_1_65' title='bbox 226 878 417 948; x_wconf 90' lang='lat' dir='ltr'>Decii’,</span> <span class='ocrx_word' id='word_1_66' title='bbox 465 881 519 932; x_wconf 87' lang='lat' dir='ltr'>et</span> <span class='ocrx_word' id='word_1_67' title='bbox 565 879 669 932; x_wconf 91' lang='lat' dir='ltr'>duo</span> <span class='ocrx_word' id='word_1_68' title='bbox 717 879 844 932; x_wconf 87' lang='lat' dir='ltr'>libri</span> <span class='ocrx_word' id='word_1_69' title='bbox 891 879 1194 932; x_wconf 76' lang='lat' dir='ltr'>‘adversum</span> <span class='ocrx_word' id='word_1_70' title='bbox 1242 878 1534 947; x_wconf 89' lang='lat' dir='ltr'>Nepotem&#39;</span> <span class='ocrx_word' id='word_1_71' title='bbox 1591 880 1917 949; x_wconf 86' lang='lat' dir='ltr'>episcopum,</span> 
     </span>
     <span class='ocr_line' id='line_1_11' title="bbox 140 953 1915 1023; baseline 0 -17"><span class='ocrx_word' id='word_1_72' title='bbox 140 967 197 1007; x_wconf 90' lang='lat'>10</span> <span class='ocrx_word' id='word_1_73' title='bbox 229 953 320 1023; x_wconf 91' lang='lat' dir='ltr'>qui</span> <span class='ocrx_word' id='word_1_74' title='bbox 359 953 506 1005; x_wconf 91' lang='lat' dir='ltr'>mille</span> <span class='ocrx_word' id='word_1_75' title='bbox 548 972 813 1007; x_wconf 91' lang='lat' dir='ltr'>annorum</span> <span class='ocrx_word' id='word_1_76' title='bbox 854 953 1127 1022; x_wconf 89' lang='lat' dir='ltr'>corporale</span> <span class='ocrx_word' id='word_1_77' title='bbox 1166 969 1396 1022; x_wconf 85' lang='lat' dir='ltr'>regnum</span> <span class='ocrx_word' id='word_1_78' title='bbox 1434 953 1544 1006; x_wconf 91' lang='lat' dir='ltr'>suis</span> <span class='ocrx_word' id='word_1_79' title='bbox 1578 954 1793 1023; x_wconf 88' lang='lat' dir='ltr'>scriptis</span> <span class='ocrx_word' id='word_1_80' title='bbox 1834 972 1915 1006; x_wconf 91' lang='lat' dir='ltr'>as-</span> 
     </span>
     <span class='ocr_line' id='line_1_12' title="bbox 228 1025 1916 1096; baseline 0.001 -17"><span class='ocrx_word' id='word_1_81' title='bbox 228 1026 454 1080; x_wconf 88' lang='lat' dir='ltr'>serebat.</span> <span class='ocrx_word' id='word_1_82' title='bbox 515 1026 581 1079; x_wconf 93' lang='lat' dir='ltr'>In</span> <span class='ocrx_word' id='word_1_83' title='bbox 619 1027 812 1096; x_wconf 90' lang='lat' dir='ltr'>quibus</span> <span class='ocrx_word' id='word_1_84' title='bbox 853 1030 909 1080; x_wconf 87' lang='grc'>61</span> <span class='ocrx_word' id='word_1_85' title='bbox 947 1027 1011 1079; x_wconf 88' lang='grc'>(16</span> <span class='ocrx_word' id='word_1_86' title='bbox 1035 1025 1371 1096; x_wconf 82' lang='lat' dir='ltr'>Apocalypsi</span> <span class='ocrx_word' id='word_1_87' title='bbox 1400 1026 1657 1080; x_wconf 82' lang='lat' dir='ltr'>Iohannis</span> <span class='ocrx_word' id='word_1_88' title='bbox 1690 1027 1916 1096; x_wconf 88' lang='lat' dir='ltr'>diligen-</span> 
     </span>
     <span class='ocr_line' id='line_1_13' title="bbox 226 1098 1914 1169; baseline 0.002 -17"><span class='ocrx_word' id='word_1_89' title='bbox 226 1100 436 1154; x_wconf 84' lang='lat' dir='ltr'>tissime</span> <span class='ocrx_word' id='word_1_90' title='bbox 478 1100 741 1169; x_wconf 88' lang='lat' dir='ltr'>disputat,</span> <span class='ocrx_word' id='word_1_91' title='bbox 781 1102 835 1152; x_wconf 90' lang='lat' dir='ltr'>et</span> <span class='ocrx_word' id='word_1_92' title='bbox 875 1100 1128 1153; x_wconf 84' lang='lat' dir='ltr'>adversus</span> <span class='ocrx_word' id='word_1_93' title='bbox 1169 1098 1462 1153; x_wconf 81' lang='lat' dir='ltr'>Sabellium</span> <span class='ocrx_word' id='word_1_94' title='bbox 1503 1103 1557 1152; x_wconf 91' lang='grc'>61</span> <span class='ocrx_word' id='word_1_95' title='bbox 1595 1101 1662 1153; x_wconf 88' lang='grc'>6(1</span> <span class='ocrx_word' id='word_1_96' title='bbox 1694 1099 1914 1155; x_wconf 87' lang='grc' dir='ltr'>Α1111110-</span> 
     </span>
     <span class='ocr_line' id='line_1_14' title="bbox 224 1173 1915 1244; baseline 0.001 -18"><span class='ocrx_word' id='word_1_97' title='bbox 224 1192 373 1242; x_wconf 86' lang='grc'>116111,</span> <span class='ocrx_word' id='word_1_98' title='bbox 412 1173 701 1227; x_wconf 82' lang='lat' dir='ltr'>Beronices</span> <span class='ocrx_word' id='word_1_99' title='bbox 742 1174 1076 1243; x_wconf 86' lang='lat' dir='ltr'>episcopum,</span> <span class='ocrx_word' id='word_1_100' title='bbox 1116 1176 1171 1226; x_wconf 88' lang='grc'>61,</span> <span class='ocrx_word' id='word_1_101' title='bbox 1208 1174 1275 1226; x_wconf 90' lang='grc'>6(1</span> <span class='ocrx_word' id='word_1_102' title='bbox 1299 1173 1714 1244; x_wconf 84' lang='lat' dir='ltr'>Telesphorum,</span> <span class='ocrx_word' id='word_1_103' title='bbox 1754 1177 1809 1227; x_wconf 90' lang='grc'>61</span> <span class='ocrx_word' id='word_1_104' title='bbox 1847 1174 1915 1228; x_wconf 89' lang='grc'>6(1</span> 
     </span>
     <span class='ocr_line' id='line_1_15' title="bbox 225 1216 1909 1317; baseline 0.001 -16"><span class='ocrx_word' id='word_1_105' title='bbox 225 1216 656 1317; x_wconf 88' lang='lat' dir='ltr'>Euphranorem,</span> <span class='ocrx_word' id='word_1_106' title='bbox 695 1250 750 1301; x_wconf 88' lang='lat' dir='ltr'>et</span> <span class='ocrx_word' id='word_1_107' title='bbox 782 1250 1038 1317; x_wconf 85' lang='lat' dir='ltr'>quattuor</span> <span class='ocrx_word' id='word_1_108' title='bbox 1075 1247 1203 1300; x_wconf 83' lang='lat' dir='ltr'>libri</span> <span class='ocrx_word' id='word_1_109' title='bbox 1235 1247 1302 1301; x_wconf 87' lang='lat' dir='ltr'>ad</span> <span class='ocrx_word' id='word_1_110' title='bbox 1334 1246 1673 1317; x_wconf 91' lang='lat' dir='ltr'>Dionysium,</span> <span class='ocrx_word' id='word_1_111' title='bbox 1710 1247 1909 1302; x_wconf 87' lang='lat' dir='ltr'>Roma-</span> 
     </span>
     <span class='ocr_line' id='line_1_16' title="bbox 142 1320 1916 1391; baseline 0.001 -17"><span class='ocrx_word' id='word_1_112' title='bbox 142 1334 195 1375; x_wconf 89' lang='lat'>15</span> <span class='ocrx_word' id='word_1_113' title='bbox 228 1340 328 1374; x_wconf 89' lang='lat' dir='ltr'>nae</span> <span class='ocrx_word' id='word_1_114' title='bbox 367 1322 518 1375; x_wconf 91' lang='lat' dir='ltr'>urbis</span> <span class='ocrx_word' id='word_1_115' title='bbox 558 1322 892 1391; x_wconf 83' lang='lat' dir='ltr'>episcopum,</span> <span class='ocrx_word' id='word_1_116' title='bbox 932 1321 998 1374; x_wconf 92' lang='lat' dir='ltr'>ad</span> <span class='ocrx_word' id='word_1_117' title='bbox 1021 1320 1381 1374; x_wconf 88' lang='lat' dir='ltr'>Laodicenses</span> <span class='ocrx_word' id='word_1_118' title='bbox 1420 1321 1505 1374; x_wconf 92' lang='lat' dir='ltr'>de</span> <span class='ocrx_word' id='word_1_119' title='bbox 1543 1321 1901 1390; x_wconf 89' lang='lat' dir='ltr'>paenitentia&#39;</span> <span class='ocrx_word' id='word_1_120' title='bbox 1902 1363 1916 1387; x_wconf 88' lang='lat'>‚</span> 
     </span>
     <span class='ocr_line' id='line_1_17' title="bbox 226 1394 1914 1465; baseline 0 -17"><span class='ocrx_word' id='word_1_121' title='bbox 226 1395 294 1448; x_wconf 90' lang='lat' dir='ltr'>ad</span> <span class='ocrx_word' id='word_1_122' title='bbox 333 1395 622 1465; x_wconf 88' lang='lat' dir='ltr'>Origenem</span> <span class='ocrx_word' id='word_1_123' title='bbox 663 1395 755 1448; x_wconf 72' lang='lat' dir='ltr'>‘de</span> <span class='ocrx_word' id='word_1_124' title='bbox 794 1394 1099 1464; x_wconf 88' lang='lat' dir='ltr'>martyrio&#39;,</span> <span class='ocrx_word' id='word_1_125' title='bbox 1147 1394 1214 1447; x_wconf 90' lang='lat' dir='ltr'>ad</span> <span class='ocrx_word' id='word_1_126' title='bbox 1259 1395 1548 1448; x_wconf 88' lang='lat' dir='ltr'>Armenios</span> <span class='ocrx_word' id='word_1_127' title='bbox 1590 1394 1680 1448; x_wconf 72' lang='lat' dir='ltr'>‘de</span> <span class='ocrx_word' id='word_1_128' title='bbox 1729 1396 1914 1464; x_wconf 90' lang='lat' dir='ltr'>paeni-</span> 
     </span>
     <span class='ocr_line' id='line_1_18' title="bbox 223 1468 1914 1538; baseline 0 -16"><span class='ocrx_word' id='word_1_129' title='bbox 223 1469 420 1522; x_wconf 86' lang='lat' dir='ltr'>tentia&#39;</span> <span class='ocrx_word' id='word_1_130' title='bbox 461 1473 515 1522; x_wconf 89' lang='lat' dir='ltr'>et</span> <span class='ocrx_word' id='word_1_131' title='bbox 554 1469 645 1522; x_wconf 63' lang='lat' dir='ltr'>‘de</span> <span class='ocrx_word' id='word_1_132' title='bbox 685 1469 871 1523; x_wconf 89' lang='lat' dir='ltr'>ordine</span> <span class='ocrx_word' id='word_1_133' title='bbox 911 1468 1271 1538; x_wconf 88' lang='lat' dir='ltr'>delictorum&#39;,</span> <span class='ocrx_word' id='word_1_134' title='bbox 1314 1469 1405 1522; x_wconf 68' lang='lat' dir='ltr'>‘de</span> <span class='ocrx_word' id='word_1_135' title='bbox 1443 1468 1670 1522; x_wconf 90' lang='lat' dir='ltr'>natura&#39;</span> <span class='ocrx_word' id='word_1_136' title='bbox 1719 1470 1786 1522; x_wconf 91' lang='lat' dir='ltr'>ad</span> <span class='ocrx_word' id='word_1_137' title='bbox 1825 1469 1914 1522; x_wconf 82' lang='lat' dir='ltr'>Ti-</span> 
     </span>
     <span class='ocr_line' id='line_1_19' title="bbox 224 1542 1911 1613; baseline -0.001 -17"><span class='ocrx_word' id='word_1_138' title='bbox 224 1543 527 1613; x_wconf 86' lang='lat' dir='ltr'>motheum,</span> <span class='ocrx_word' id='word_1_139' title='bbox 574 1543 666 1596; x_wconf 71' lang='lat' dir='ltr'>‘de</span> <span class='ocrx_word' id='word_1_140' title='bbox 713 1542 1188 1612; x_wconf 84' lang='lat' dir='ltr'>temptationibus&#39;</span> <span class='ocrx_word' id='word_1_141' title='bbox 1237 1544 1303 1595; x_wconf 89' lang='lat' dir='ltr'>ad</span> <span class='ocrx_word' id='word_1_142' title='bbox 1353 1542 1788 1613; x_wconf 83' lang='lat' dir='ltr'>Euphranorem,</span> <span class='ocrx_word' id='word_1_143' title='bbox 1843 1543 1911 1596; x_wconf 93' lang='lat' dir='ltr'>ad</span> 
     </span>
     <span class='ocr_line' id='line_1_20' title="bbox 224 1616 1912 1688; baseline 0 -19"><span class='ocrx_word' id='word_1_144' title='bbox 224 1616 521 1670; x_wconf 89' lang='lat' dir='ltr'>Basilidem</span> <span class='ocrx_word' id='word_1_145' title='bbox 574 1636 783 1688; x_wconf 90' lang='lat' dir='ltr'>quoque</span> <span class='ocrx_word' id='word_1_146' title='bbox 830 1617 1033 1670; x_wconf 90' lang='lat' dir='ltr'>multae</span> <span class='ocrx_word' id='word_1_147' title='bbox 1080 1617 1368 1686; x_wconf 73' lang='lat' dir='ltr'>epistulae,</span> <span class='ocrx_word' id='word_1_148' title='bbox 1423 1618 1481 1670; x_wconf 91' lang='lat' dir='ltr'>in</span> <span class='ocrx_word' id='word_1_149' title='bbox 1531 1635 1756 1686; x_wconf 89' lang='lat' dir='ltr'>quarum</span> <span class='ocrx_word' id='word_1_150' title='bbox 1802 1635 1912 1669; x_wconf 90' lang='lat' dir='ltr'>una</span> 
     </span>
     <span class='ocr_line' id='line_1_21' title="bbox 136 1689 1913 1760; baseline -0.001 -16"><span class='ocrx_word' id='word_1_151' title='bbox 136 1705 193 1745; x_wconf 84' lang='lat'>20</span> <span class='ocrx_word' id='word_1_152' title='bbox 226 1709 280 1744; x_wconf 90' lang='lat' dir='ltr'>se</span> <span class='ocrx_word' id='word_1_153' title='bbox 321 1692 515 1744; x_wconf 88' lang='lat' dir='ltr'>asserit</span> <span class='ocrx_word' id='word_1_154' title='bbox 553 1692 719 1745; x_wconf 87' lang='lat' dir='ltr'>etiam</span> <span class='ocrx_word' id='word_1_155' title='bbox 749 1689 809 1744; x_wconf 82' lang='lat' dir='ltr'>in</span> <span class='ocrx_word' id='word_1_156' title='bbox 830 1690 1199 1744; x_wconf 84' lang='lat' dir='ltr'>Ecclesiasten</span> <span class='ocrx_word' id='word_1_157' title='bbox 1231 1692 1470 1760; x_wconf 87' lang='lat' dir='ltr'>coepisse</span> <span class='ocrx_word' id='word_1_158' title='bbox 1504 1690 1735 1744; x_wconf 89' lang='lat' dir='ltr'>scribere</span> <span class='ocrx_word' id='word_1_159' title='bbox 1771 1709 1913 1744; x_wconf 91' lang='lat' dir='ltr'>com—</span> 
     </span>
     <span class='ocr_line' id='line_1_22' title="bbox 223 1763 1912 1818; baseline -0.001 0"><span class='ocrx_word' id='word_1_160' title='bbox 223 1765 532 1818; x_wconf 80' lang='lat' dir='ltr'>mentarios,</span> <span class='ocrx_word' id='word_1_161' title='bbox 634 1763 737 1818; x_wconf 84' lang='lat' dir='ltr'>Sed</span> <span class='ocrx_word' id='word_1_162' title='bbox 794 1768 848 1818; x_wconf 87' lang='lat' dir='ltr'>et</span> <span class='ocrx_word' id='word_1_163' title='bbox 901 1765 1155 1818; x_wconf 86' lang='lat' dir='ltr'>adversus</span> <span class='ocrx_word' id='word_1_164' title='bbox 1213 1765 1446 1818; x_wconf 91' lang='lat' dir='ltr'>Paulum</span> <span class='ocrx_word' id='word_1_165' title='bbox 1501 1763 1912 1818; x_wconf 84' lang='lat' dir='ltr'>Samosatenum</span> 
     </span>
     <span class='ocr_line' id='line_1_23' title="bbox 224 1838 1914 1910; baseline -0.001 -18"><span class='ocrx_word' id='word_1_166' title='bbox 224 1842 350 1892; x_wconf 88' lang='lat' dir='ltr'>ante</span> <span class='ocrx_word' id='word_1_167' title='bbox 389 1856 588 1908; x_wconf 84' lang='lat' dir='ltr'>paucos</span> <span class='ocrx_word' id='word_1_168' title='bbox 629 1839 743 1892; x_wconf 90' lang='lat' dir='ltr'>dies</span> <span class='ocrx_word' id='word_1_169' title='bbox 775 1857 938 1909; x_wconf 89' lang='lat' dir='ltr'>quam</span> <span class='ocrx_word' id='word_1_170' title='bbox 976 1841 1291 1909; x_wconf 87' lang='lat' dir='ltr'>moreretur,</span> <span class='ocrx_word' id='word_1_171' title='bbox 1328 1838 1558 1910; x_wconf 86' lang='lat' dir='ltr'>insignis</span> <span class='ocrx_word' id='word_1_172' title='bbox 1592 1838 1704 1891; x_wconf 87' lang='lat' dir='ltr'>eius</span> <span class='ocrx_word' id='word_1_173' title='bbox 1743 1838 1914 1891; x_wconf 86' lang='lat' dir='ltr'>fertur</span> 
     </span>
     <span class='ocr_line' id='line_1_24' title="bbox 224 1913 469 1982; baseline 0 -17"><span class='ocrx_word' id='word_1_174' title='bbox 224 1913 469 1982; x_wconf 72' lang='lat' dir='ltr'>epistula.</span> 
     </span>
     <span class='ocr_line' id='line_1_25' title="bbox 370 1986 1428 2041; baseline 0.001 -2"><span class='ocrx_word' id='word_1_175' title='bbox 370 1986 601 2040; x_wconf 90' lang='lat' dir='ltr'>Moritur</span> <span class='ocrx_word' id='word_1_176' title='bbox 640 1986 956 2041; x_wconf 89' lang='lat' dir='ltr'>duodecimo</span> <span class='ocrx_word' id='word_1_177' title='bbox 997 1986 1229 2040; x_wconf 81' lang='lat' dir='ltr'>Gallieni</span> <span class='ocrx_word' id='word_1_178' title='bbox 1268 2004 1428 2040; x_wconf 75' lang='lat' dir='ltr'>anno·</span> 
     </span>
    </p>
   </div>
   <div class='ocr_carea' id='block_1_3' title="bbox 134 2153 1271 2228">
    <p class='ocr_par' dir='ltr' id='par_1_3' title="bbox 134 2153 1271 2228">
     <span class='ocr_line' id='line_1_26' title="bbox 134 2153 1271 2228; baseline -0.002 -16"><span class='ocrx_word' id='word_1_179' title='bbox 134 2163 191 2203; x_wconf 81' lang='lat'>25</span> <span class='ocrx_word' id='word_1_180' title='bbox 882 2153 1017 2228; x_wconf 72' lang='lat' dir='ltr'>Cap.</span> <span class='ocrx_word' id='word_1_181' title='bbox 1065 2153 1271 2211; x_wconf 89' lang='lat' dir='ltr'><strong><em>LXX.</em></strong></span> 
     </span>
    </p>
   </div>
   <div class='ocr_carea' id='block_1_4' title="bbox 137 2266 1910 2633">
    <p class='ocr_par' dir='ltr' id='par_1_4' title="bbox 221 2266 1910 2558">
     <span class='ocr_line' id='line_1_27' title="bbox 368 2266 1909 2337; baseline -0.001 -16"><span class='ocrx_word' id='word_1_182' title='bbox 368 2266 423 2321; x_wconf 90' lang='lat' dir='ltr'>N</span> <span class='ocrx_word' id='word_1_183' title='bbox 426 2268 732 2337; x_wconf 80' lang='lat' dir='ltr'>ovatianUS,</span> <span class='ocrx_word' id='word_1_184' title='bbox 777 2266 1052 2321; x_wconf 86' lang='lat' dir='ltr'>Romanae</span> <span class='ocrx_word' id='word_1_185' title='bbox 1102 2268 1253 2320; x_wconf 90' lang='lat' dir='ltr'>urbis</span> <span class='ocrx_word' id='word_1_186' title='bbox 1300 2267 1603 2336; x_wconf 72' lang='lat' dir='ltr'>presbyter,</span> <span class='ocrx_word' id='word_1_187' title='bbox 1653 2266 1909 2320; x_wconf 86' lang='lat' dir='ltr'>adversus</span> 
     </span>
     <span class='ocr_line' id='line_1_28' title="bbox 223 2339 1906 2409; baseline 0 -15"><span class='ocrx_word' id='word_1_188' title='bbox 223 2339 531 2395; x_wconf 85' lang='lat' dir='ltr'>Cornelium</span> <span class='ocrx_word' id='word_1_189' title='bbox 581 2341 890 2394; x_wconf 84' lang='lat' dir='ltr'>cathedram</span> <span class='ocrx_word' id='word_1_190' title='bbox 941 2342 1328 2395; x_wconf 89' lang='lat' dir='ltr'>sacerdotalem</span> <span class='ocrx_word' id='word_1_191' title='bbox 1375 2343 1600 2394; x_wconf 85' lang='lat' dir='ltr'>conatus</span> <span class='ocrx_word' id='word_1_192' title='bbox 1638 2339 1906 2409; x_wconf 83' lang='lat' dir='ltr'>invadere,</span> 
     </span>
     <span class='ocr_line' id='line_1_29' title="bbox 221 2414 1910 2485; baseline -0.001 -16"><span class='ocrx_word' id='word_1_193' title='bbox 221 2414 653 2469; x_wconf 84' lang='lat' dir='ltr'>Novatianorum</span> <span class='ocrx_word' id='word_1_194' title='bbox 709 2417 851 2485; x_wconf 91' lang='lat' dir='ltr'>quod</span> <span class='ocrx_word' id='word_1_195' title='bbox 906 2434 1094 2485; x_wconf 85' lang='lat' dir='ltr'>graece</span> <span class='ocrx_word' id='word_1_196' title='bbox 1148 2415 1343 2468; x_wconf 87' lang='lat' dir='ltr'>dicitur</span> <span class='ocrx_word' id='word_1_197' title='bbox 1387 2415 1659 2481; x_wconf 76' lang='grc' dir='ltr'><strong><em>καθαρῶν</em></strong></span> <span class='ocrx_word' id='word_1_198' title='bbox 1712 2415 1910 2484; x_wconf 84' lang='lat' dir='ltr'>dogma</span> 
     </span>
     <span class='ocr_line' id='line_1_30' title="bbox 225 2487 1908 2558; baseline -0.002 -15"><span class='ocrx_word' id='word_1_199' title='bbox 225 2490 508 2543; x_wconf 84' lang='lat' dir='ltr'>constituit</span> <span class='ocrx_word' id='word_1_200' title='bbox 529 2490 718 2543; x_wconf 91' lang='lat' dir='ltr'>nolens</span> <span class='ocrx_word' id='word_1_201' title='bbox 744 2493 1022 2558; x_wconf 90' lang='lat' dir='ltr'>apostatas</span> <span class='ocrx_word' id='word_1_202' title='bbox 1049 2490 1319 2558; x_wconf 85' lang='lat' dir='ltr'>suscipere</span> <span class='ocrx_word' id='word_1_203' title='bbox 1342 2489 1695 2558; x_wconf 85' lang='lat' dir='ltr'>paenitentes.</span> <span class='ocrx_word' id='word_1_204' title='bbox 1733 2487 1908 2541; x_wconf 89' lang='lat' dir='ltr'>Huius</span> 
     </span>
    </p>

    <p class='ocr_par' dir='ltr' id='par_1_5' title="bbox 137 2560 1909 2633">
     <span class='ocr_line' id='line_1_31' title="bbox 137 2560 1909 2633; baseline -0.001 -17"><span class='ocrx_word' id='word_1_205' title='bbox 137 2578 193 2617; x_wconf 88' lang='lat'>30</span> <span class='ocrx_word' id='word_1_206' title='bbox 226 2566 414 2616; x_wconf 88' lang='lat' dir='ltr'>auctor</span> <span class='ocrx_word' id='word_1_207' title='bbox 452 2563 722 2633; x_wconf 85' lang='lat' dir='ltr'>Novatus,</span> <span class='ocrx_word' id='word_1_208' title='bbox 763 2562 1024 2633; x_wconf 81' lang='lat' dir='ltr'>Cypriani</span> <span class='ocrx_word' id='word_1_209' title='bbox 1063 2564 1349 2633; x_wconf 86' lang='lat' dir='ltr'>presbyter</span> <span class='ocrx_word' id='word_1_210' title='bbox 1378 2563 1494 2616; x_wconf 86' lang='lat' dir='ltr'>fuit.</span> <span class='ocrx_word' id='word_1_211' title='bbox 1558 2560 1788 2631; x_wconf 83' lang='lat' dir='ltr'>Scripsit</span> <span class='ocrx_word' id='word_1_212' title='bbox 1820 2580 1909 2614; x_wconf 91' lang='lat' dir='ltr'>au-</span> 
     </span>
    </p>
   </div>
   <div class='ocr_carea' id='block_1_5' title="bbox 220 2707 1907 2943">
    <p class='ocr_par' dir='ltr' id='par_1_6' title="bbox 220 2707 1907 2943">
     <span class='ocr_line' id='line_1_32' title="bbox 343 2707 1836 2764; baseline -0.002 -10"><span class='ocrx_word' id='word_1_213' title='bbox 343 2715 368 2754; x_wconf 85' lang='lat'>6</span> <span class='ocrx_word' id='word_1_214' title='bbox 399 2709 508 2757; x_wconf 90' lang='lat' dir='ltr'>Vat.</span> <span class='ocrx_word' id='word_1_215' title='bbox 527 2710 575 2754; x_wconf 88' lang='lat' dir='ltr'>et</span> <span class='ocrx_word' id='word_1_216' title='bbox 589 2708 749 2753; x_wconf 88' lang='lat' dir='ltr'>Bamb.</span> <span class='ocrx_word' id='word_1_217' title='bbox 770 2710 817 2753; x_wconf 88' lang='lat' dir='ltr'>et</span> <span class='ocrx_word' id='word_1_218' title='bbox 834 2710 989 2753; x_wconf 83' lang='lat' dir='ltr'>Bern.:</span> <span class='ocrx_word' id='word_1_219' title='bbox 1007 2709 1277 2764; x_wconf 82' lang='lat' dir='ltr'>Heraclam3</span> <span class='ocrx_word' id='word_1_220' title='bbox 1309 2708 1544 2752; x_wconf 88' lang='lat' dir='ltr'>Norimb.:</span> <span class='ocrx_word' id='word_1_221' title='bbox 1575 2707 1836 2752; x_wconf 87' lang='lat' dir='ltr'>Herecham</span> 
     </span>
     <span class='ocr_line' id='line_1_33' title="bbox 224 2765 1907 2823; baseline -0.001 -12"><span class='ocrx_word' id='word_1_222' title='bbox 224 2773 280 2812; x_wconf 91' lang='lat'>10</span> <span class='ocrx_word' id='word_1_223' title='bbox 310 2767 498 2813; x_wconf 85' lang='lat' dir='ltr'>Bamb.:</span> <span class='ocrx_word' id='word_1_224' title='bbox 531 2769 787 2822; x_wconf 80' lang='lat' dir='ltr'>asseverat3</span> <span class='ocrx_word' id='word_1_225' title='bbox 820 2769 1053 2813; x_wconf 88' lang='lat' dir='ltr'>Norimb.:</span> <span class='ocrx_word' id='word_1_226' title='bbox 1086 2768 1289 2812; x_wconf 86' lang='lat' dir='ltr'>affirmat</span> <span class='ocrx_word' id='word_1_227' title='bbox 1391 2772 1446 2810; x_wconf 89' lang='lat'>14</span> <span class='ocrx_word' id='word_1_228' title='bbox 1478 2765 1665 2811; x_wconf 84' lang='lat' dir='ltr'>Bamb.:</span> <span class='ocrx_word' id='word_1_229' title='bbox 1696 2766 1907 2823; x_wconf 84' lang='lat' dir='ltr'>Euphra·</span> 
     </span>
     <span class='ocr_line' id='line_1_34' title="bbox 220 2826 1906 2884; baseline -0.001 -13"><span class='ocrx_word' id='word_1_230' title='bbox 220 2828 301 2872; x_wconf 90' lang='lat' dir='ltr'>ten</span> <span class='ocrx_word' id='word_1_231' title='bbox 424 2831 477 2871; x_wconf 83' lang='lat'>15</span> <span class='ocrx_word' id='word_1_232' title='bbox 511 2827 643 2872; x_wconf 87' lang='lat' dir='ltr'>Vat.:</span> <span class='ocrx_word' id='word_1_233' title='bbox 675 2827 906 2884; x_wconf 88' lang='lat' dir='ltr'>patientia</span> <span class='ocrx_word' id='word_1_234' title='bbox 1033 2828 1122 2872; x_wconf 87' lang='lat' dir='ltr'>hoc</span> <span class='ocrx_word' id='word_1_235' title='bbox 1159 2827 1266 2872; x_wconf 92' lang='grc'>1060</span> <span class='ocrx_word' id='word_1_236' title='bbox 1299 2826 1357 2871; x_wconf 88' lang='grc'>61.</span> <span class='ocrx_word' id='word_1_237' title='bbox 1391 2826 1593 2870; x_wconf 80' lang='lat' dir='ltr'>addunt:</span> <span class='ocrx_word' id='word_1_238' title='bbox 1624 2826 1739 2870; x_wconf 91' lang='lat' dir='ltr'>item</span> <span class='ocrx_word' id='word_1_239' title='bbox 1770 2839 1906 2869; x_wconf 87' lang='lat' dir='ltr'>cano-</span> 
     </span>
     <span class='ocr_line' id='line_1_35' title="bbox 227 2884 1906 2943; baseline -0.001 -14"><span class='ocrx_word' id='word_1_240' title='bbox 227 2900 334 2930; x_wconf 90' lang='lat' dir='ltr'>nem</span> <span class='ocrx_word' id='word_1_241' title='bbox 367 2885 423 2930; x_wconf 88' lang='lat' dir='ltr'>de</span> <span class='ocrx_word' id='word_1_242' title='bbox 455 2886 746 2943; x_wconf 85' lang='lat' dir='ltr'>paenitentia</span> <span class='ocrx_word' id='word_1_243' title='bbox 776 2886 972 2943; x_wconf 84' lang='lat' dir='ltr'>(Migne:</span> <span class='ocrx_word' id='word_1_244' title='bbox 1004 2886 1119 2931; x_wconf 90' lang='lat' dir='ltr'>item</span> <span class='ocrx_word' id='word_1_245' title='bbox 1151 2886 1211 2930; x_wconf 89' lang='lat' dir='ltr'>ad</span> <span class='ocrx_word' id='word_1_246' title='bbox 1243 2885 1475 2930; x_wconf 85' lang='lat' dir='ltr'>Canonem</span> <span class='ocrx_word' id='word_1_247' title='bbox 1510 2885 1567 2929; x_wconf 93' lang='lat' dir='ltr'>de</span> <span class='ocrx_word' id='word_1_248' title='bbox 1597 2884 1906 2942; x_wconf 86' lang='lat' dir='ltr'>paenitentia)</span> 
     </span>
    </p>
   </div>
  </div>
 </body>
</html>
