1974 3192
783 201 851 207 —
935 171 1034 222 101
1119 201 1180 210 —-

730 319 864 395 cap.
912 320 1233 380 LXXIII.

282 432 615 500 TimotheuS,
677 434 941 487 exstincto
1006 435 1074 488 ab
1129 435 1512 489 Alexandrinis
1574 437 1818 491 Proterio

134 506 413 576 episcopo,
465 506 829 560 tumultuante
894 508 1067 561 adhuc
1128 509 1284 576 plebe
1353 514 1446 562 aut
1501 510 1674 563 voluit
1727 515 1821 563 aut

131 598 324 650 passus
365 583 446 633 est
487 598 543 632 se
583 581 650 633 ab
689 599 798 634 uno
831 581 1083 651 episcopo
1122 583 1180 634 in
1218 583 1393 635 locum
1427 584 1588 636 occisi
1621 583 1821 652 episco-

131 673 262 723 pum
299 655 430 708 fieri.
492 654 568 707 Et
603 672 672 706 ne
712 658 900 708 contra
936 656 1113 725 legem
1151 655 1325 708 factus
1365 658 1555 709 merito
1590 658 1818 710 abicere-
1882 671 1908 711 5

131 733 220 781 tur
260 747 292 781 a
331 727 505 798 gratia
542 728 716 796 plebis
727 771 741 797 ,
781 747 915 798 quae
941 729 1243 782 Proterium
1284 748 1504 783 exosum
1542 731 1820 798 habuerat,

133 820 338 868 omneS‚
381 803 574 872 quibus
613 801 706 854 ille
746 803 1257 872 communicaverat,
1306 801 1664 858 Nestorianos
1705 822 1820 857 esse

131 876 526 946 pronuntiavit,
572 877 626 928 et
670 877 938 929 maculam
985 877 1344 930 conscientiae
1383 878 1689 930 temeritate
1730 878 1820 930 ab·

134 950 384 1004 luendam
423 967 769 1019 praesumens
811 950 1025 1018 scripsit
1063 949 1131 1002 ad
1167 950 1403 1003 Leonem
1442 951 1822 1019 imperatorem

131 1025 373 1076 libellum
418 1023 572 1076 valde
612 1023 936 1091 suasorium,
984 1042 1143 1093 quem
1181 1042 1349 1093 pravo
1398 1042 1558 1076 sensu
1597 1024 1820 1076 Patrum
1855 1039 1910 1079 10

131 1098 456 1151 testimoniis
495 1098 553 1149 in
590 1099 803 1149 tantum
842 1098 1098 1150 roborare
1131 1101 1355 1151 conatus
1389 1101 1492 1167 est,
1532 1101 1591 1150 ut
1631 1098 1699 1150 ad
1738 1098 1821 1150 de-

132 1172 434 1241 cipiendum
465 1172 845 1240 imperatorem
880 1174 933 1223 et
958 1190 1112 1224 suam
1135 1171 1366 1226 heresim
1392 1171 1822 1224 constituendam

132 1263 301 1314 paene
340 1245 597 1314 Leonem,
635 1245 784 1298 urbis
823 1243 1028 1298 Romae
1072 1246 1396 1315 pontificem,
1439 1249 1492 1298 et
1532 1244 1824 1299 Chalcedo-

132 1338 355 1372 nensem
396 1320 660 1388 synodum
699 1337 760 1372 ac
798 1321 945 1372 totos
988 1319 1344 1373 occidentales
1386 1319 1667 1388 episcopos
1705 1320 1822 1371 illo-

132 1412 253 1446 rum
302 1393 625 1446 adminiculo
664 1391 1017 1446 Nestorianos
1067 1394 1388 1447 ostenderet.
1467 1392 1570 1446 Sed
1607 1393 1822 1446 favente
1856 1405 1910 1446 15

132 1466 248 1521 Deo
289 1487 321 1520 a
361 1465 783 1521 Chalcedonensi
825 1467 1052 1520 concilio
1091 1468 1265 1521 hostis
1305 1467 1559 1521 ecclesiae
1599 1483 1821 1536 coargu-

132 1544 220 1594 tus
272 1545 326 1594 et
376 1541 684 1595 confutatus
736 1545 832 1595 est.
908 1540 1102 1594 Vivere
1155 1542 1326 1594 adhuc
1373 1541 1431 1594 in
1479 1541 1664 1594 exsilio
1713 1542 1824 1593 iam

132 1616 499 1668 heresiarches
540 1615 736 1668 dicitur
776 1618 829 1667 et
866 1615 1109 1668 habetur.

734 1781 868 1855 Cap.
917 1780 1225 1839 LXXIV.

282 1895 568 1964 Asclepius
622 1894 777 1964 Afer,
830 1896 888 1947 in
941 1894 1161 1948 Baiensi
1214 1895 1485 1948 territorio
1550 1895 1656 1948 vici
1716 1913 1824 1947 non
1858 1909 1914 1949 20

65 2019 71 2024 .
136 1970 356 2040 grandis
397 1971 704 2039 episcopuS,
744 1970 960 2038 scripsit
992 1969 1274 2022 adversum
1305 1969 1540 2022 Arianos
1581 1974 1635 2020 et
1666 1969 1823 2021 modo

135 2044 419 2096 adversum
450 2043 768 2096 Donatistas
811 2043 1040 2096 scribere
1080 2043 1288 2098 dicitur.
1350 2043 1416 2095 In
1456 2043 1695 2096 docendo
1736 2061 1826 2095 au-

135 2121 245 2170 tem
285 2136 349 2170 ex
385 2121 628 2186 tempore
668 2117 861 2187 grandi
900 2117 1157 2187 opinione
1197 2117 1510 2170 celebratur.

763 2284 898 2358 Cap.
947 2282 1214 2341 LXXV.

286 2397 495 2467 PetruS,
533 2398 838 2451 Edessenae
879 2397 1130 2451 ecclesiae
1161 2397 1462 2466 presbyter,
1501 2397 1827 2450 declamator
1858 2407 1913 2450 25

133 2472 363 2541 insignis
417 2472 690 2525 variarum
745 2490 1028 2525 causarum
1080 2474 1343 2524 tractatus
1402 2475 1455 2523 et
1508 2472 1566 2522 in
1621 2489 1826 2523 morem

137 2546 310 2599 sancti
346 2545 587 2614 Ephrem
627 2546 839 2599 diaconi
877 2546 1116 2614 psalmos
1155 2548 1326 2597 metro
1368 2545 1684 2613 composuit.

259 2710 282 2750 7
316 2705 475 2750 Bern.:
509 2719 623 2762 quos
746 2710 801 2749 10
833 2704 1022 2750 Bamb.:
1054 2705 1211 2763 pravis
1335 2710 1389 2748 14
1421 2705 1504 2751 aL:
1539 2704 1738 2749 aliorum

139 2769 193 2808 16
226 2764 384 2810 Bern.:
418 2765 687 2822 coarguitur
718 2766 767 2808 et
799 2765 1064 2809 confutatur
1239 2769 1292 2808 18
1325 2763 1482 2808 Bern.:
1515 2764 1678 2808 haberi

137 2828 194 2867 20
226 2823 410 2867 Bamb.:
442 2824 492 2867 in
523 2823 766 2881 navigensi
796 2824 1031 2869 territorio
1064 2823 1208 2870 vicini
1238 2823 1450 2880 grandis;
1483 2823 1641 2868 Bern.:
1674 2823 1724 2867 in
1746 2837 1824 2867 va-

138 2882 270 2939 gensi
300 2882 534 2927 territorio
565 2883 747 2928 vicinae
779 2883 968 2940 grandis
