1974 3192
148 1099 201 1138 10

145 1466 196 1504 15

141 1837 197 1877 20

138 2338 194 2399 2⁵.

898 177 1332 228 —78—-

236 297 535 362 stuporem,
582 292 739 344 nobis
787 292 1217 360 desperationem
1266 293 1546 346 incutiens,
1630 293 1917 347 Tertullia-

233 386 362 419 num
409 369 464 419 et
499 365 844 418 Lactantium
891 368 946 417 et
983 364 1209 434 Papiam
1257 369 1500 419 auctores
1551 371 1765 420 secutus
1804 386 1916 420 mo-

233 440 400 492 ralem
440 457 567 492 sane
615 438 916 491 doctrinam
961 441 1015 491 et
1051 439 1282 491 maxime
1319 441 1654 493 voluntariae
1691 459 1916 510 pauper-

233 513 360 565 tatis
402 530 639 566 amorem
677 515 993 580 prosecutus
1034 512 1371 566 studentibus
1409 513 1712 566 inculcavit.

901 677 1036 751 Gap.
1090 676 1265 735 XVI.

382 791 674 844 Faustinus
713 791 994 860 presbyter
1033 792 1250 860 scripsit
1287 791 1353 844 ad
1385 810 1671 860 personam
1694 791 1916 846 Flaccil-

233 866 316 918 lae
347 867 567 935 reginae
601 865 900 918 ‘adversum
923 865 1158 918 Arianos
1198 869 1252 918 et
1275 865 1713 918 Macedonianos'
1751 867 1916 920 libros

235 941 462 1008 septem,
508 939 594 992 his
636 956 726 991 eos
765 939 996 991 maxime
1039 938 1428 1008 scripturarum
1465 940 1794 992 testimoniis
1836 959 1918 992 ar-

233 1030 404 1082 guens
444 1016 499 1065 et
536 1013 879 1081 convincens,
929 1012 1122 1081 quibus
1167 1013 1246 1064 illi
1286 1031 1450 1081 pravo
1493 1031 1651 1066 sensu
1690 1016 1917 1067 utuntur

234 1086 301 1138 ad
353 1086 762 1155 blasphemiam.
847 1085 1071 1154 Scripsit
1124 1090 1178 1138 et
1229 1086 1428 1139 librum
1476 1105 1634 1156 quem
1673 1086 1916 1140 Valenti-

231 1161 418 1228 niano,
471 1160 775 1213 Theodosio
823 1163 876 1211 et
922 1159 1157 1212 Arcadio
1206 1159 1621 1228 imperatoribus
1675 1179 1774 1230 pro
1830 1162 1916 1214 de-

230 1234 476 1286 fensione
524 1252 740 1287 suorum
787 1251 909 1285 cum
955 1232 1269 1286 Marcellino
1319 1234 1551 1302 quodam
1597 1235 1915 1302 presbytero

233 1308 446 1377 obtulit,
470 1325 534 1360 ex
559 1326 663 1377 quo
689 1307 989 1359 ostenditur
1012 1307 1349 1359 Luciferiano
1377 1307 1659 1360 schismati
1691 1326 1915 1360 consen-

233 1381 388 1449 sisse,
429 1382 553 1450 quia
591 1381 859 1434 Hilarium
890 1380 1285 1433 Pictaviensem
1324 1383 1379 1433 et
1410 1381 1728 1450 Damasum,
1767 1382 1916 1434 urbis

231 1453 433 1507 Romae
480 1455 775 1524 episcopOS,
814 1454 871 1506 in
911 1455 1097 1507 eodem
1126 1454 1283 1507 ‘libro
1324 1456 1529 1524 culpat,
1576 1457 1729 1524 quasi
1776 1456 1915 1508 male

231 1529 601 1580 consuluerint
639 1528 918 1597 ecclesiae,
958 1527 1101 1596 quod
1139 1528 1594 1596 praevaricatores
1634 1529 1914 1597 episcopos

230 1602 285 1653 in
332 1603 761 1654 communionem
818 1604 871 1654 et
925 1601 1280 1654 sacerdotium
1326 1603 1474 1671 pacis
1521 1603 1915 1670 recuperandae

230 1676 406 1744 gratia
445 1677 809 1745 recepissent,
833 1675 974 1744 quod
1011 1675 1364 1728 Luciferianis
1404 1676 1483 1728 ita
1522 1675 1796 1743 displicuit
1834 1694 1914 1728 re-

230 1749 406 1816 cipere
455 1750 755 1819 episcOPOS,
810 1750 901 1819 qui
939 1750 995 1802 in
1042 1748 1374 1802 Ariminensi
1422 1750 1647 1802 concilio
1701 1749 1914 1803 Arianis

231 1823 778 1893 communicaverant,
811 1825 872 1875 ut
895 1821 1218 1876 Novatianis
1252 1825 1528 1892 apostatas
1561 1823 1915 1892 paenitentes

869 1989 1003 2063 Cap.
1056 1989 1122 2046 X
1133 1988 1270 2048 VII.

376 2104 627 2172 Rufinus,
689 2103 1052 2173 Aquileiensis
1124 2103 1377 2156 ecclesiae
1437 2104 1741 2172 presbyter,
1803 2121 1913 2157 non

227 2178 450 2230 minima
486 2196 612 2246 pars
645 2177 923 2230 doctorum
957 2177 1223 2247 ecclesiae,
1263 2180 1316 2229 et
1346 2177 1404 2242 in
1432 2177 1807 2230 transferendo
1848 2177 1912 2230 de

228 2268 418 2321 graeco
464 2252 521 2303 in
565 2251 796 2303 latinum
844 2251 1062 2320 elegans
1100 2251 1379 2321 ingenium
1417 2250 1630 2320 habuit3
1685 2251 1912 2320 denique

227 2325 516 2378 maximam
565 2328 772 2393 partem
813 2323 1139 2377 Graecorum
1186 2324 1542 2377 bibliothecae
1580 2323 1787 2376 Latinis
1829 2342 1913 2377 ex-

224 2398 418 2468 hibuit,
442 2397 633 2451 Basilii
658 2399 864 2451 scilicet
882 2396 1244 2451 Caesariensis
1263 2396 1634 2467 Cappadociae
1660 2398 1911 2466 episcopi,

225 2471 471 2542 Gregorii
500 2471 841 2540 Nazianzeni,
881 2472 1307 2541 eloquentissimi
1336 2471 1587 2539 hominiS,
1613 2469 1909 2524 Clementis

224 2545 457 2599 Romani
513 2544 979 2615 ‘recognitionum'
1036 2545 1225 2610 libros,
1271 2545 1498 2598 Eusebii
1545 2543 1909 2598 Caesariensis

342 2711 370 2750 4
402 2705 585 2750 Bamb.2
619 2704 796 2762 optime
827 2708 1100 2762 prosecutus
1252 2710 1305 2750 12
1337 2704 1524 2750 Bamb.:
1557 2703 1780 2749 Marcello

223 2765 330 2810 Vat.
363 2766 412 2810 et
442 2765 595 2809 Bern.:
629 2764 863 2821 quondam
991 2769 1044 2808 13
1075 2765 1231 2809 Bern.:
1264 2764 1471 2809 ostendit
1579 2767 1633 2807 14
1665 2762 1828 2807 Bamb.
1862 2763 1910 2807 et

222 2824 380 2868 Bern.:
415 2824 496 2880 qui
647 2828 703 2868 20
734 2823 866 2868 Vat:
901 2837 995 2879 quo
1027 2822 1284 2868 Novatiani
1315 2822 1565 2881 apostatis3
1595 2821 1782 2866 Bamb.:
1817 2834 1908 2878 quo

222 2882 513 2928 Novatianos
546 2883 804 2940 apostatam
836 2881 994 2926 Bern.:
1029 2881 1248 2938 quoniam
1282 2917 1291 2926 .
1326 2917 1337 2928 .
1371 2918 1380 2927 .
