1974 3192
850 208 921 215 -
999 177 1084 240 36·
1151 206 1214 214 -

792 297 927 371 Cap.
981 294 1290 355 XLVIII.

343 411 613 465 Candidus
638 411 992 479 regnantibus
1028 428 1190 479 supra
1223 411 1435 479 scriptis
1471 411 1527 462 in
1560 410 1885 462 hexemeron

193 486 582 556 pulcherrimos
621 487 887 537 tractatus
927 484 1108 536 edidit.

829 634 965 709 Gap.
1019 634 1257 692 XLIX.

109 767 134 806 5
344 750 564 819 Appion
612 749 711 802 sub
759 747 958 803 Severo
1018 750 1264 818 principe
1320 748 1569 802 similiter
1622 748 1679 800 in
1731 747 1888 800 hexe-

196 842 381 877 meron
419 825 682 877 tractatus
720 822 862 876 fecit.

921 943 1056 1020 Cap.
1104 944 1174 1002 L.

346 1058 536 1112 Sextus
579 1059 677 1111 sub
709 1058 1031 1128 imperatore
1065 1056 1261 1111 Severo
1301 1059 1497 1111 librum
1529 1058 1593 1111 de
1628 1075 1889 1121 resurrece

196 1134 345 1186 tione
386 1133 616 1202 scripsit.

113 1253 166 1292 10
901 1223 1036 1299 Cap.
1085 1223 1193 1282 LI.

345 1339 651 1391 Arabianus
685 1338 783 1390 sub
816 1338 1002 1391 eodem
1042 1338 1210 1391 edidit
1241 1338 1503 1407 quaedam
1536 1338 1791 1407 opuscula
1824 1337 1890 1390 ad

200 1411 571 1466 Christianum
612 1412 809 1481 dogma
848 1413 1188 1480 pertinentia.

880 1562 1015 1637 Gap.
1062 1562 1208 1620 LII.

347 1677 508 1731 Iudas
550 1677 612 1730 de
665 1677 1010 1747 septuaginta
1050 1678 1193 1747 apud
1231 1678 1428 1732 Daniel
1465 1677 1892 1731 hebdomadibus

115 1775 168 1815 15
200 1751 511 1821 plenissime
543 1751 840 1821 disputavit
864 1755 918 1805 et
941 1753 1364 1822 χρονογραφίαν
1395 1751 1728 1821 superiorum
1757 1754 1894 1804 tem-

201 1844 392 1895 porum
430 1844 599 1895 usque
640 1825 707 1878 ad
746 1825 1010 1879 decimum
1050 1823 1230 1879 Severi
1268 1822 1519 1895 perduxit
1557 1843 1772 1878 annum.

348 1899 413 1952 In
446 1918 550 1969 qua
575 1899 768 1952 erroris
803 1899 1062 1970 arguitur,
1095 1900 1236 1969 quod
1269 1900 1558 1953 adventum
1590 1899 1895 1952 antichristi

202 1973 345 2026 circa
385 1992 482 2026 sua
519 1977 765 2042 tempora
802 1973 1043 2026 futurum
1076 1991 1191 2026 esse
1231 1974 1446 2043 dixerit3
1488 1973 1582 2027 sed
1616 1972 1719 2026 hoc
1758 1973 1894 2042 ideo,

203 2047 330 2116 quia
353 2047 672 2116 magnitudo
696 2048 1131 2116 persecutionum
1149 2050 1488 2116 praesentem
1514 2047 1699 2100 mundi
1723 2048 1893 2101 mina-

112 2144 168 2184 20
201 2121 360 2173 batur
400 2139 661 2174 occasum.

865 2213 999 2287 cap.
1047 2212 1233 2271 LIII.

352 2327 713 2381 Tertullianus
758 2328 1040 2397 presbyter
1085 2346 1229 2381 nunc
1269 2327 1481 2381 demum
1519 2328 1724 2396 primus
1770 2330 1895 2397 post

203 2401 480 2454 Victorem
507 2405 560 2454 et
591 2402 940 2470 Apollonium
972 2401 1291 2455 Latinorum
1322 2402 1557 2471 ponitur,
1587 2402 1895 2471 provinciae

204 2475 438 2544 Africae,
470 2476 705 2529 civitatis
731 2474 1211 2546 Carthaginiensis,
1243 2479 1395 2544 patre
1431 2476 1741 2530 centurione
1771 2493 1894 2544 pro-

116 2572 172 2611 25
206 2550 490 2603 consulari.
552 2548 656 2602 Hic
688 2550 826 2602 acris
867 2552 920 2602 et
953 2549 1283 2603 vehementis
1323 2550 1531 2619 ingenii
1570 2550 1669 2603 sub
1697 2547 1894 2603 Severo

206 2623 446 2692 principe
487 2627 540 2675 et
577 2622 858 2676 Antonino
900 2621 1179 2677 Caracalla
1217 2624 1447 2677 maxime
1485 2624 1666 2677 floruit
1703 2623 1894 2676 multa-

206 2716 307 2767 que
348 2698 564 2765 scripsit
602 2697 896 2765 volumina‚
937 2715 1099 2766 quae,
1139 2698 1263 2766 quia
1300 2701 1432 2751 nota
1471 2701 1598 2751 sunt
1634 2697 1896 2767 pluribus,

204 2771 695 2839 praetermittimus.
739 2770 866 2823 Vidi
899 2788 998 2841 ego
1024 2771 1291 2841 quendam
1313 2770 1538 2825 Paulum
1566 2769 1894 2825 Concordiae

325 2893 375 2931 11
411 2888 469 2933 al.
503 2887 700 2933 addunt:
733 2886 944 2946 principe
