1974 3192
888 197 1250 247 ...74-

225 313 484 383 agitatur,
533 314 593 364 ut
638 312 694 363 in
733 329 901 363 unum
938 311 1235 379 praepositi
1273 314 1748 382 congregarentur,
1797 312 1904 381 epi-

224 386 422 439 stulam
470 403 632 437 unam
681 389 735 438 et
785 383 852 437 ad
900 385 1096 437 fratres
1106 426 1121 453 ‚
1177 384 1267 453 qui
1321 385 1466 438 foras
1521 386 1907 439 monasterium

222 459 375 511 missi
414 458 631 511 fuerant
670 459 902 527 operari,
942 476 1123 511 unam,

895 595 1028 668 Cap.
1068 593 1245 652 VIII.

167 716 194 755 5
378 707 711 776 TheodorUS,
752 726 1026 761 successor
1056 707 1261 778 gratiae
1302 709 1354 760 et
1391 708 1796 776 praepositurae
1829 727 1912 761 su-

222 800 321 850 pra
363 782 490 834 dicti
526 782 741 834 abbatis
767 781 1067 851 Pachomii,
1101 781 1315 849 scripsit
1348 782 1415 833 ad
1447 781 1553 833 alia
1584 782 1910 835 monasteria

223 856 482 923 epistulas
547 858 859 908 sanctarum
910 856 1299 924 scripturarum
1352 873 1595 908 sermone
1651 855 1911 927 digestas3

221 929 278 980 in
328 929 521 997 quibus
569 931 751 981 tamen
796 930 1106 998 frequenter
1150 929 1396 980 meminit
1441 929 1690 998 magistri
1739 933 1792 981 et
1829 930 1906 982 in-

223 1003 492 1055 stitutoris
537 1003 619 1055 sui
643 1002 945 1072 Pachomii,
985 1005 1039 1055 et
1072 1003 1347 1056 doctrinae
1381 1002 1493 1055 eius
1534 1019 1596 1054 ac
1634 1003 1775 1055 vitae
1812 1021 1907 1071 po-

136 1086 190 1125 10
223 1076 306 1128 nit
346 1077 613 1144 exempla,
653 1094 789 1144 quae
827 1076 917 1128 ille
956 1079 1017 1131 ut
1055 1077 1290 1145 doceret,
1331 1076 1523 1146 angelo
1564 1076 1907 1129 ministrante

224 1150 496 1202 didicerat.
574 1148 743 1203 Simul
783 1147 841 1202 et'
874 1150 1123 1202 hortatur
1159 1149 1580 1218 permanendum
1619 1149 1676 1202 in
1714 1168 1906 1219 propo-

225 1223 330 1276 sito
377 1222 552 1276 cordis
599 1226 653 1276 et
699 1222 863 1275 studii
910 1226 963 1275 et
1009 1223 1182 1275 redire
1221 1223 1280 1274 in
1321 1222 1662 1276 concordiam
1701 1230 1754 1276 et
1792 1224 1906 1276 uni-

222 1299 390 1349 tatem
431 1315 545 1366 606,
593 1297 685 1366 qui
730 1300 857 1365 post
896 1297 1108 1350 abbatis
1150 1297 1355 1349 obitum
1396 1296 1729 1350 dissensione
1767 1297 1913 1350 facta

224 1389 256 1422 a
294 1373 449 1423 coetu
490 1373 659 1423 semet
698 1371 844 1438 ipsos
886 1370 1230 1423 absciderant
1260 1370 1498 1423 unitatis.
1557 1369 1695 1423 Sunt
1728 1373 1908 1424 autem

135 1453 188 1492 15
221 1444 381 1496 huius
423 1443 812 1497 exhortationis
854 1444 1116 1512 epistulae
1155 1447 1281 1497 tres

916 1579 1051 1654 Cap.
1100 1580 1218 1638 IX.

369 1693 629 1747 Oresiesis
670 1690 988 1764 monachUS,
1037 1694 1341 1764 amborum,
1388 1694 1443 1746 id
1483 1697 1587 1762 est,
1626 1694 1909 1748 Pachomii

221 1769 273 1819 et
312 1766 581 1821 Theodori
620 1769 846 1837 collega,
894 1768 977 1821 vir
1022 1769 1080 1820 in
1121 1767 1400 1837 scripturis
1441 1769 1642 1821 sanctis
1683 1769 1750 1821 ad
1788 1787 1911 1837 per-

220 1841 421 1894 fectum
461 1842 722 1910 eruditUS,
762 1842 996 1894 confecit
1034 1842 1233 1894 librum
1271 1841 1451 1894 divino
1486 1842 1761 1895 conditum
1794 1843 1905 1895 sale

130 1941 187 1978 20
221 1916 494 1984 totiusque
534 1916 863 1968 monasticae
904 1915 1220 1984 disciplinae
1251 1916 1623 1968 instrumentis
1664 1918 1906 1969 constru-

111 1999 113 2001 ’
220 1991 365 2040 ctum
413 1992 487 2058 61,
545 1992 605 2041 111
653 1989 966 2058 simpliciter
1017 1989 1212 2058 dicam,
1271 1989 1328 2041 in
1369 2007 1474 2058 quo
1521 1993 1698 2042 totum
1736 2007 1908 2058 paene

220 2064 371 2115 vetus
413 2065 466 2114 et
500 2081 700 2115 novum
731 2065 1112 2115 testamentum
1145 2063 1540 2131 compendiosis
1574 2063 1905 2116 dissertatio-

154 2176 156 2180 .
218 2135 378 2187 nibus
428 2136 578 2188 iuxta
625 2136 1013 2189 monachorum
1061 2136 1339 2188 dumtaxat
1377 2137 1778 2202 necessitatem,
1829 2137 1910 2196 inf

218 2209 432 2262 venitur
471 2210 800 2280 expositum3
840 2228 998 2279 quem
1029 2212 1212 2262 tamen
1250 2210 1361 2262 vice
1392 2210 1707 2263 testamenti
1737 2228 1907 2280 prope

130 2307 185 2347 25
219 2282 358 2334 diem
399 2283 579 2336 obitus
622 2284 704 2336 sui
742 2284 1000 2336 fratribus
1043 2284 1252 2337 obtulit.

935 2420 1070 2494 Cap.
1124 2420 1198 2477 X.

366 2533 636 2587 Macarius
646 2576 660 2603 ‚
699 2535 995 2587 monachus
1035 2535 1126 2587 ille
1150 2534 1479 2605 Aegyptius,
1511 2534 1682 2604 signis
1716 2537 1770 2587 et
1801 2535 1907 2588 vir-

217 2607 424 2660 tutibus
466 2608 656 2676 clarUS‚
696 2627 858 2660 unam
903 2610 1118 2662 tantum
1165 2608 1233 2661 ad
1271 2609 1506 2662 iuniores
1554 2608 1905 2677 professionis

339 2729 361 2767 1
395 2723 580 2769 Bamb.:
613 2723 769 2780 agitur
885 2729 938 2768 10
971 2724 1154 2770 Bamb.:
1182 2723 1534 2768 administrante
1652 2728 1704 2767 12
1737 2724 1901 2768 unani—

217 2781 431 2827 mitatem
542 2788 596 2827 13
628 2782 811 2828 Bamb.:
845 2782 1121 2827 discessione
1230 2787 1284 2827 17
1315 2782 1444 2827 Vat.:
1478 2781 1700 2837 Oriensis3
1744 2783 1903 2827 Bern.:

219 2840 443 2886 Orestesis
579 2847 631 2885 19
664 2842 847 2886 Bamb.:
879 2842 1132 2886 instructus
1261 2846 1314 2885 21
1348 2841 1531 2887 Bamb.:
1564 2840 1615 2885 in
1644 2842 1798 2886 totum

219 2905 273 2943 22
306 2900 412 2945 Vat.
446 2901 494 2945 et
524 2901 686 2946 Bamb.
721 2902 767 2945 et
799 2901 954 2945 Bern.:
987 2900 1339 2945 dissertionibus
