1974 3192
767 186 1127 238 ..81-

99 299 439 354 Ῥοείςυιῑιὶαῑιὶ
479 301 534 350 et
572 298 733 352 Galli'
774 319 830 354 se
868 301 1135 355 mediante
1175 306 1228 355 et
1264 303 1437 357 iudice
1470 304 1532 357 de
1571 322 1791 359 conver-

99 375 314 428 satione
375 372 763 426 monachorum
824 375 1167 429 orientalium
1231 379 1286 429 et
1344 378 1513 446 ipsius
1573 377 1791 431 Martini

103 447 347 500 habitam
392 446 451 498 in
490 446 690 516 dialogi
729 449 959 516 speciem
1008 449 1213 502 duabus
1258 450 1610 504 incisionibus
1650 469 1788 505 com-

101 519 398 590 prehendit.
467 518 532 571 In
571 537 796 589 quarum
835 522 1012 589 priore
1046 523 1212 575 refert
1243 541 1338 575 suo
1370 527 1610 593 tempore
1650 525 1790 594 apud

102 593 487 647 Alexandriam
527 593 734 662 synodo
776 596 1147 663 episcoporum
1183 596 1467 666 decretum,
1506 597 1788 668 Origenem
1822 613 1848 652 5

98 671 158 721 >et
212 667 420 721 cautius
470 685 502 718 a
559 667 891 735 sapientibus
945 687 1044 736 pro
1099 669 1256 722 bonis
1311 670 1596 739 legendum
1650 675 1703 724 et
1759 690 1790 724 a

102 742 278 795 minus
343 739 629 809 capacibus
697 759 795 809 pro
857 743 1012 794 malis
1082 742 1483 811 repudiandum.
1572 743 1674 797 Hic
1735 745 1793 797 in

102 818 319 868 senecta
359 832 457 866 sua
495 832 527 865 a
556 812 861 883 Pelagianis
901 815 1152 884 deceptus
1186 818 1239 867 et
1278 819 1572 885 agnoscens
1610 819 1792 887 loqua-

102 889 282 941 citatis
329 887 542 955 culpam
591 887 862 940 silentium
899 906 1067 957 usque
1107 889 1174 940 ad
1220 892 1449 942 mortem
1487 891 1683 959 tenuit,
1732 894 1794 943 ut

101 964 413 1087 Ρθοοειὲιιηῑι,ὴ
437 961 579 1030 quod
609 961 877 1030 loquendo
917 964 1272 1030 contraxerat,
1310 963 1537 1015 tacendo
1577 964 1790 1032 penitus
1826 980 1880 1019 10

99 1053 259 1088 emen
298 1052 387 1088 are
416 1076 426 1087 .

786 1126 921 1201 Cap.
975 1127 1117 1184 XX.

251 1241 552 1294 Antiochus
590 1241 872 1309 episcopus
907 1241 1123 1310 scripsit
1159 1240 1463 1294 ‘adversum
1496 1242 1794 1294 avaritiam'

103 1333 270 1367 unum
318 1318 372 1367 et
411 1315 612 1384 grande
658 1315 910 1368 volumen
950 1317 1003 1367 et
1042 1315 1118 1367 ‘in
1166 1315 1439 1367 curatione
1481 1314 1659 1382 caeci',
1705 1316 1795 1383 qui

104 1407 138 1441 a
178 1387 457 1441 Salvatore
503 1388 859 1440 inluminatus
899 1391 1004 1457 est,
1053 1388 1335 1441 homiliam
1375 1389 1675 1456 composuit
1713 1388 1795 1440 ‘de
1832 1405 1884 1444 15

103 1462 517 1531 compunctione
589 1462 799 1514 timoris
862 1461 963 1514 Dei
1027 1465 1081 1514 et
1139 1460 1482 1514 humilitate'.
1571 1461 1797 1514 Moritur

107 1535 328 1588 Arcadii
366 1535 708 1604 imperatoris
746 1537 1003 1604 tempore.

773 1686 910 1761 Gap.
964 1686 1146 1744 XXI.

256 1800 587 1874 Severianus,
602 1792 883 1870 episcopus
903 1800 1221 1854 Gabalensis
1240 1801 1508 1869 ecclesiae,
1531 1801 1588 1852 in
1605 1799 1798 1852 divinis

106 1875 386 1944 scripturis
434 1875 673 1927 eruditus
722 1878 775 1927 et
813 1876 870 1927 in
907 1875 1146 1928 homiliis
1195 1874 1522 1927 declamator
1574 1874 1797 1926 admira·
1832 1893 1887 1931 20

25 1991 30 1995 ,
107 1949 230 2003 bilis
270 1949 388 2001 fuit.
457 1947 614 2001 Unde
656 1951 709 2001 et
745 1949 1052 2018 frequenter
1083 1949 1149 2001 ab
1190 1948 1439 2018 episcopo
1471 1947 1712 2000 Iohanne
1747 1950 1801 1998 et

107 2023 341 2076 Arcadio
382 2022 706 2091 imperatore
746 2023 813 2075 ad
852 2022 1158 2075 faciendum
1198 2039 1498 2074 sermonem
1538 2020 1801 2074 Constan-

108 2097 393 2166 tinopolim
470 2097 809 2149 evocabatur.
907 2096 1041 2166 Legi
1103 2096 1212 2148 eius
1253 2095 1684 2164 .‘expositionem
1745 2095 1802 2145 in

109 2171 396 2239 epistulam
435 2170 502 2222 ad
543 2169 783 2223 Galatas'
833 2172 887 2223 et
926 2169 1008 2222 ede
1047 2170 1319 2238 baptismo
1370 2172 1423 2221 et
1460 2167 1801 2237 Epiphaniae

111 2243 492 2297 sollemnitate'
538 2245 780 2297 libellum
836 2243 1218 2313 gratissimum.
1310 2242 1540 2294 Moritur
1594 2241 1799 2293 iuniore
1834 2262 1888 2300 25

112 2318 438 2387 Theodosio,
476 2318 588 2372 filio
631 2336 727 2371 suo
767 2318 823 2371 in
862 2318 1153 2386 baptismO,
1192 2317 1504 2386 imperante.

758 2469 893 2543 Cap.
950 2468 1168 2525 XXII.

260 2582 485 2654 Niceas,
546 2584 898 2637 Romatianae
973 2582 1206 2634 civitatis
1285 2581 1584 2650 episcopm,
1663 2595 1803 2629 com—

114 2657 297 2726 posuit
345 2658 575 2727 simplici
624 2660 677 2710 et
725 2657 895 2709 nitido
946 2674 1189 2708 sermone
1238 2673 1329 2707 sex
1377 2651 1802 2720 competentibus

236 2778 260 2818 7
287 2773 472 2818 Bamb.:
503 2772 792 2830 capientibus
913 2771 1097 2818 Bamb.:
1121 2770 1416 2816 refutandum
1540 2772 1596 2811 14
1620 2766 1803 2810 Bamb.:

116 2833 308 2890 longum
430 2838 485 2878 16
518 2831 702 2876 Bamb.:
736 2829 1092 2886 compunctione
1119 2867 1128 2875 .
1155 2865 1164 2873 .
1191 2862 1202 2873 .
1226 2830 1414 2886 plenam
1535 2831 1592 2870 24
1621 2825 1803 2869 Bamb.:

112 2891 447 2948 *Theophaniae
571 2896 626 2935 28
658 2890 788 2935 Vat.:
820 2888 989 2934 Niceta

205 2973 399 3016 Herding‚
426 2973 693 3013 Hieronymus.
1424 2965 1449 3003 6
