1974 3192
162 1073 216 1114 10

158 1440 215 1481 15

159 1810 215 1849 20

154 2280 212 2320 25

911 178 1277 230 „90—

249 295 531 349 homiliam
571 294 654 346 ‘de
693 294 866 346 natali
901 292 1157 360 Domini',
1194 293 1446 347 homilias
1487 298 1542 347 et
1580 293 1663 347 ede
1694 293 1934 363 Epipha-

249 367 362 421 nia’
412 370 466 420 et
513 366 597 420 ‘de
635 366 855 435 pascha'
905 370 960 420 et
1007 366 1090 419 ‘de
1128 366 1464 420 Pentecoste'
1511 369 1710 421 multas
1760 372 1814 421 et
1852 368 1935 422 ‘de

249 442 495 494 hostibus
538 440 844 493 carnalibus
883 459 994 493 non
1024 439 1312 508 timendis'‚
1353 440 1435 493 tde
1475 442 1663 511 gratiis
1702 445 1828 510 post
1865 443 1936 496 ci-

248 516 378 567 bum
426 514 542 577 Deo
597 513 859 583 agendis'‚
899 512 988 565 ‘de
1049 515 1380 583 paenitentia
1426 513 1835 584 Ninivitarum',
1884 519 1939 569 et

251 589 447 641 multas
505 588 638 640 alias
695 587 807 640 eius
852 587 1112 640 homilias
1160 588 1224 640 de
1272 587 1495 641 diversis
1543 589 1718 641 causis
1766 589 1937 643 editas

249 662 383 732 legi,
424 680 556 731 quas
595 679 694 713 nec
731 661 952 714 retineo.
1014 660 1246 714 Moritur
1270 660 1516 715 Honorio
1557 666 1610 714 et
1633 661 1936 716 Theodosio

248 735 455 788 iuniore
494 738 769 804 regnante.
1947 724 1974 745 *

901 871 1035 945 Cap.
1089 869 1297 927 XLII.

396 984 682 1038 Petronius
706 985 1068 1038 Bononiensis
1103 985 1402 1053 episcopus,
1432 985 1514 1036 vir
1547 987 1764 1038 sanctae
1796 986 1937 1039 vitae

250 1061 303 1111 et
356 1059 747 1112 monachorum
803 1058 993 1111 studiis
1057 1059 1124 1110 ab
1181 1058 1543 1110 adulescentia
1598 1059 1936 1129 exercitatuS,

250 1132 528 1201 scripsisse
568 1135 789 1202 putatur
827 1132 970 1185 vitas
1010 1134 1226 1200 patrum
1258 1130 1496 1200 Aegypti
1534 1132 1936 1201 monachorum,

249 1225 381 1274 quas
435 1206 584 1258 velut
639 1206 916 1274 speculum
979 1223 1042 1257 ao
1094 1223 1341 1257 normam
1394 1204 1744 1273 professionis
1807 1225 1934 1260 suae

249 1279 500 1333 monachi
540 1280 949 1348 amplectuntur.
1009 1278 1144 1348 Legi
1184 1279 1283 1331 sub
1324 1278 1436 1331 eius
1475 1279 1695 1332 nomine
1737 1279 1819 1333 ‘de
1853 1299 1935 1334 or-

249 1354 525 1406 dinatione
551 1352 808 1422 episcopi’
835 1352 1044 1405 ratione
1077 1355 1132 1404 et
1155 1352 1462 1404 humilitate
1488 1353 1706 1421 plenum
1737 1355 1934 1407 tracta-

248 1431 387 1496 tum,
429 1446 590 1497 quam
628 1428 818 1497 lingua
857 1427 1158 1496 elegantior
1191 1426 1430 1479 ostendit
1460 1444 1572 1479 non
1602 1426 1772 1495 ipsius
1806 1446 1937 1497 esse,

250 1502 342 1553 sed
389 1504 451 1553 ut
497 1501 714 1570 quidam
763 1501 967 1568 dicunt,
1014 1499 1185 1569 patris
1235 1500 1369 1567 ei11S‚
1418 1500 1843 1569 eloquentissimi
1883 1506 1936 1555 et

248 1575 597 1627 eruditissimi
645 1575 703 1627 in
754 1575 1117 1627 saecularibus
1166 1573 1362 1626 litteris
1412 1574 1528 1626 viri.
1603 1573 1677 1627 Et
1723 1575 1936 1628 creden-

249 1649 389 1701 dum.
465 1647 609 1701 Nam
649 1651 703 1701 et
740 1648 1071 1717 praefectum
1109 1647 1380 1717 praetorio
1420 1647 1586 1700 fuisse
1627 1666 1682 1700 se
1721 1649 1779 1700 in
1817 1649 1935 1718 ipso

246 1725 480 1775 tractatu
520 1723 782 1792 designat.
859 1721 1091 1775 Moritur
1129 1720 1434 1774 Theodosio
1475 1725 1528 1774 et
1553 1720 1935 1776 Valentiniano

246 1797 614 1866 regnantibus

876 1931 1010 2006 Cap.
1064 1931 1311 1989 XLIII.

394 2046 646 2117 Pelagius
684 2046 1071 2114 heresiarches,
1112 2049 1400 2114 antequam
1438 2046 1754 2114 proderetur
1783 2046 1936 2099 here-

245 2120 383 2173 ticus
433 2138 571 2185 esse,
623 2120 837 2188 scripsit
885 2120 1138 2172 studiosis
1185 2120 1513 2173 necessaria:
1567 2123 1676 2172 tres
1725 2120 1789 2172 de
1827 2120 1932 2190 fide

247 2193 529 2247 Trinitatis
569 2195 735 2246 libros
784 2196 837 2245 et
882 2212 981 2261 pro
1029 2194 1226 2246 actuali
1274 2194 1680 2246 conversatione
1721 2195 1929 2264 ecloga—

245 2286 364 2319 rum
420 2286 484 2319 ex
538 2267 732 2320 divinis
791 2267 1070 2335 scripturis
1117 2267 1315 2319 librum
1361 2285 1528 2320 unum
1575 2267 1932 2336 capitulorum

367 2418 388 2456 1
423 2413 607 2457 Bamb.:
639 2412 928 2469 theophania
1087 2416 1112 2455 5
1144 2411 1330 2456 Bamb.:
1363 2413 1420 2456 de
1453 2412 1648 2457 diversis
1679 2413 1777 2468 legi

244 2471 474 2516 Norimb.:
510 2472 697 2516 habitas
856 2476 881 2516 6
914 2471 1022 2515 Vat.
1056 2473 1104 2515 et
1134 2470 1318 2515 Bamb.:
1354 2485 1472 2527 quae
1633 2476 1657 2515 7
1689 2469 1851 2516 Bamb.
1885 2472 1934 2516 et

244 2531 476 2576 Norimb.:
509 2530 811 2588 regnantibus
980 2535 1034 2574 14
1066 2530 1299 2574 Norimb.:
1333 2534 1380 2574 et
1411 2529 1704 2575 humanitate
1735 2530 1814 2574 vel

247 2595 300 2634 15
334 2590 463 2636 Vat.:
495 2591 684 2648 linguae
717 2589 952 2647 elegantia
1073 2594 1127 2634 16
1159 2588 1322 2633 Bamb.
1364 2590 1412 2633 et
1442 2589 1653 2634 Norimb.
1684 2591 1930 2647 repetunt:

243 2649 455 2694 Petronii
593 2655 645 2693 17
678 2649 794 2693 haec
834 2649 1003 2692 desunt
1039 2648 1089 2691 in
1120 2647 1330 2692 Norimb.
1470 2652 1522 2691 18
1555 2647 1717 2692 Bamb.
1760 2650 1808 2692 et
1837 2647 1931 2692 No-

243 2707 400 2751 rimb.:
433 2707 660 2765 praetorii
725 2737 728 2738 ⁷
765 2707 945 2752 ‘fuisse’
975 2707 1105 2752 deest
1133 2707 1184 2750 in
1217 2706 1322 2752 Vat.
1433 2712 1486 2751 19
1512 2706 1742 2751 Norimb.:
1777 2707 1930 2751 Theo-

244 2767 374 2811 dosio
398 2767 588 2812 Arcadii
611 2767 728 2821 filio;
760 2766 945 2811 Bamb.:
971 2765 1232 2811 Theodosio
1257 2767 1306 2810 et
1327 2765 1514 2823 placido
1531 2766 1633 2810 Val.
1698 2771 1752 2810 23
1789 2765 1927 2811 ‘esse’

245 2826 374 2870 deest
404 2827 455 2870 in
484 2827 645 2871 Bamb.
680 2827 727 2870 et
756 2825 964 2870 Norimb.
1132 2825 1363 2870 Norimb.:
1396 2824 1613 2870 studiosis
1645 2825 1758 2870 viris

247 2890 304 2928 24
335 2884 519 2931 Bamb.:
553 2887 661 2930 actu
693 2886 740 2930 et
