1974 3192
135 1107 191 1146 10

137 1593 190 1633 15

133 2081 190 2120 20

137 2449 192 2488 25

885 200 1247 252 -56-

224 337 329 372 nae
367 319 517 371 urbis
557 318 889 386 episcopum,
935 334 1032 384 pro
1079 316 1183 368 fide
1234 316 1302 368 ad
1341 317 1558 369 exilium
1596 320 1910 386 pergentem

226 393 429 461 primus
470 391 784 443 sollicitavit
829 392 884 442 et
920 389 1084 459 fregit
1131 392 1185 442 et
1226 389 1293 441 ad
1334 390 1781 459 subscriptionem
1820 390 1911 442 he-

223 482 404 518 reseos
445 463 718 533 compulit.

830 613 965 688 cap.
1019 611 1323 672 XCVIII.

373 727 625 797 Aeacius,
676 745 856 797 quem,
911 727 1036 796 quia
1088 728 1267 779 luscus
1316 729 1452 796 erat,
1499 723 1912 797 μονόφθαλμον

223 802 624 870 nuncupabant,
665 799 1028 854 Caesariensis
1062 801 1315 854 ecclesiae
1353 800 1411 852 in
1446 801 1758 854 Palaestina
1797 802 1904 870 epi-

224 894 440 944 scopm,
495 875 792 928 elaboravit
843 875 902 927 in
951 873 1319 927 Ecclesiasten
1366 873 1548 927 decem
1603 878 1657 927 et
1704 878 1910 944 septem

222 950 522 1018 volumina,
561 951 615 1001 et
654 950 974 1018 συμμίκτων
1000 947 1321 1017 ζητημάτων
1361 966 1474 1012 sex,
1516 948 1717 1002 multos
1757 966 1907 1017 prae-

223 1026 370 1076 terea
424 1023 766 1092 diversosque
820 1025 1098 1075 tractatus.
1182 1019 1248 1073 In
1299 1023 1514 1074 tantum
1571 1025 1751 1075 autem
1807 1022 1908 1075 sub

225 1095 543 1150 Constantio
584 1097 909 1164 imperatore
949 1095 1164 1159 claruit,
1195 1098 1256 1147 ut
1286 1095 1345 1147 in
1367 1094 1568 1148 Liberii
1598 1095 1777 1149 locum
1802 1095 1908 1150 Ro-

222 1189 340 1223 mae
379 1169 612 1223 Felicem
651 1170 960 1239 episcopum
1001 1168 1367 1222 constitueret.

859 1320 994 1394 Cap.
1049 1319 1280 1377 XCIX.

374 1433 655 1503 Serapion,
690 1434 962 1487 Thmueus
997 1433 1301 1503 episcopm,
1342 1433 1433 1502 qui
1475 1433 1544 1486 ob
1585 1434 1914 1504 elegantiam

223 1509 429 1578 ingenii
484 1525 786 1578 cognomen
836 1506 1157 1561 Scholastici
1204 1508 1422 1575 meruit,
1479 1525 1632 1560 carus
1685 1506 1913 1562 Antonii

224 1582 476 1636 monachi
528 1582 632 1635 fuit
683 1581 954 1652 ediditque
1008 1581 1290 1634 ‘adversus
1333 1580 1714 1634 Manichaeos'
1767 1599 1913 1652 egre-

229 1657 380 1727 gium
441 1656 642 1709 librum
713 1659 767 1708 et
800 1655 921 1708 —‘de
974 1656 1307 1724 psalmorum
1362 1654 1568 1707 titulis'
1634 1656 1797 1708 alium
1860 1659 1915 1708 et

223 1730 290 1782 ad
330 1730 569 1784 diversos
617 1729 777 1783 utiles
825 1729 1105 1798 epistulaS‚
1155 1732 1210 1782 et
1251 1729 1349 1781 sub
1392 1726 1714 1782 Constantio
1764 1729 1910 1798 prin-

222 1805 337 1873 cipe
379 1803 543 1856 etiam
582 1804 641 1856 in
680 1803 1016 1858 confessione
1055 1803 1272 1856 inclitus
1313 1802 1431 1856 fuit.

939 1954 1074 2028 Cap.
1131 1954 1187 2011 (J.

371 2067 629 2137 Hilarius,
667 2069 817 2121 urbis
849 2068 1193 2122 Pictavorum
1221 2067 1576 2136 Aquitanicae
1612 2068 1912 2138 episcopuS,

225 2141 459 2195 factione
514 2140 814 2210 Saturnini,
869 2141 1201 2194 Arelatensis
1258 2141 1521 2210 episcopi,
1577 2142 1640 2194 de
1701 2142 1910 2211 synodo

226 2215 522 2268 Biterrensi
544 2215 842 2284 Phrygiam
866 2215 1152 2284 relegatus,
1177 2215 1451 2267 duodecim
1479 2215 1732 2268 adversus
1754 2215 1910 2267 Aria·

224 2307 324 2342 nos
351 2289 582 2342 confecit
612 2289 782 2342 libros
825 2289 879 2341 e't
910 2290 1076 2341 alium
1109 2290 1308 2342 librum
1342 2288 1426 2341 ‘de
1459 2288 1712 2358 synodis',
1752 2307 1911 2358 quem

227 2363 293 2415 ad
332 2361 634 2415 Galliarum
684 2363 964 2431 episcopos
1014 2363 1251 2432 scripsit,
1298 2365 1351 2415 et
1396 2363 1454 2414 in
1492 2363 1729 2432 psalmos
1769 2380 1910 2416 com-

225 2436 541 2505 mentariOS,
588 2437 822 2505 primum
870 2436 1117 2489 videlicet
1167 2439 1222 2488 et
1261 2435 1552 2489 secundum
1592 2438 1646 2488 et
1685 2455 1716 2488 a
1755 2435 1909 2506 quin-

226 2511 542 2579 quagesimo
581 2511 755 2578 primo
790 2528 957 2580 usque
993 2510 1060 2562 ad
1094 2510 1486 2579 sexagesimum
1527 2510 1816 2563 secundum
1856 2512 1912 2562 et

224 2603 255 2636 a
296 2582 526 2637 CXVIII
563 2602 732 2653 usque
766 2585 834 2637 ad
866 2587 1185 2653 extremum,
1224 2585 1279 2636 in
1320 2602 1423 2653 quo
1466 2601 1626 2652 opere
1665 2583 1908 2635 imitatus

224 2657 511 2727 Origenem
558 2658 821 2710 nonnulla
869 2658 1034 2711 etiam
1081 2658 1143 2710 de
1191 2675 1287 2710 suo
1337 2657 1558 2710 addidit.
1645 2656 1749 2710 Est
1797 2656 1910 2709 eius

222 2735 277 2784 et
316 2731 403 2784 ‘ad
445 2730 847 2785 Constantium’
886 2731 1124 2801 libellus,
1164 2750 1322 2800 quem
1361 2730 1563 2784 viventi
1600 2729 1910 2784 Constanti-

342 2851 367 2890 2
398 2846 580 2892 Bamb.:
605 2846 955 2904 inscriptionem
1030 2852 1083 2892 13
1117 2847 1301 2893 Bamb.:
1328 2846 1580 2891 Thimueus
1643 2849 1699 2891 28
1724 2845 1911 2890 Bamb.:

220 2906 278 2949 de
310 2920 392 2951 suo
426 2920 563 2950 sensu
594 2906 741 2951 edidit
