1974 3192
181 732 206 770 5

151 1103 206 1142 10

151 1469 205 1509 15

892 192 1257 244 -76-

233 310 350 379 ipse
388 309 446 360 in
483 309 569 362 his
609 309 707 376 ait,
747 308 876 361 solis
909 307 1296 361 monachorum
1327 309 1741 379 cognoscibiles»,
1781 329 1915 380 quas

236 384 484 436 similiter
523 398 623 451 ego
662 382 720 434 in
757 381 944 434 latinis
985 380 1141 434 edidi.

907 531 1040 606 Cap.
1093 531 1245 590 XII.

385 646 721 716 Theodorus,
760 644 1133 700 Antiochenae
1180 646 1433 699 ecclesiae
1486 647 1782 717 presbyter,
1837 649 1919 702 vir

241 720 466 774 scientia
515 723 703 774 cautus
758 723 812 773 et
861 721 1048 790 lingua
1097 719 1353 788 disertuS,
1403 720 1618 789 scripsit
1666 721 1918 776 adversus

237 794 653 864 Apollinaristas
704 796 758 847 et
802 793 1109 847 Anomoeos
1150 792 1233 845 ‘de
1271 794 1643 847 incarnatione
1683 793 1920 848 Domini’

239 869 409 922 libros
457 867 759 937 quindecim
813 867 880 920 ad
930 866 1032 920 XV
1079 867 1229 919 milia
1274 885 1525 919 versuum
1570 868 1923 937 continenteS,

237 942 293 994 in
341 942 535 1012 quibus
582 942 791 994 ratione
837 941 1129 1010 purissima
1174 943 1228 993 et
1273 941 1594 993 testimoniis
1636 943 1921 1011 scriptura-

237 1035 356 1068 rum
398 1015 636 1068 ostendit
665 1014 957 1068 Dominum
988 1015 1178 1068 Jesum
1218 1014 1357 1067 sicut
1392 1015 1783 1084 plenitudinem
1815 1016 1923 1068 dei-

237 1091 389 1157 tatis,
436 1090 514 1142 ita
558 1088 949 1157 plenitudinem
995 1087 1350 1140 humanitatis
1397 1087 1666 1142 habuisse.
1750 1088 1924 1143 Docet

239 1166 294 1215 et
324 1163 598 1216 hominem
632 1161 838 1215 duabus
870 1164 1083 1214 tantum
1116 1161 1436 1214 substantiis
1461 1165 1722 1231 constare,
1745 1163 1800 1216 id
1826 1167 1924 1227 est,

238 1237 421 1290 anima
460 1239 531 1289 et·
555 1253 799 1305 corpore,
825 1252 1145 1304 sensumque
1186 1237 1241 1287 et
1271 1235 1519 1304 spiritum
1550 1254 1660 1289 non
1699 1238 1924 1289 alteram

239 1310 622 1378 substantiam,
662 1310 754 1362 sed
793 1309 971 1362 officia
1011 1327 1126 1362 esse
1167 1308 1379 1361 animae
1418 1309 1683 1378 ingenita,
1723 1310 1921 1380 quibus

237 1384 490 1453 inspirat,
539 1383 734 1452 quibus
781 1383 1066 1436 rationalis
1107 1384 1211 1450 est,
1258 1382 1452 1451 quibus
1501 1384 1752 1436 sensibile
1790 1383 1933 1437 facit

237 1476 446 1527 corpus„
503 1457 767 1520 Quartum
800 1457 1065 1510 decimum
1098 1459 1279 1509 autem
1307 1455 1467 1509 huius
1508 1458 1685 1525 operis
1724 1458 1923 1511 librum

235 1532 453 1600 proprie
493 1531 557 1584 de
596 1531 835 1583 increata
874 1535 928 1583 et
961 1531 1078 1584 sola
1109 1530 1426 1598 incorporea
1457 1531 1778 1600 dominaque
1811 1550 1922 1584 om-

237 1606 387 1658 nium
408 1607 625 1659 sanctae
642 1605 924 1657 Trinitatis
944 1608 1141 1658 natura
1161 1606 1214 1656 et
1234 1603 1298 1655 de
1328 1607 1692 1657 creaturarum
1712 1605 1924 1658 ratione

238 1679 505 1732 disserens
538 1680 627 1748 pio
662 1689 820 1731 sensu
852 1696 974 1731 cum
1006 1677 1326 1731 auctoritate
1361 1681 1664 1731 sanctarum
1698 1679 1924 1748 scriptu-

235 1771 416 1806 rarum
457 1753 728 1821 explicuit.
790 1751 989 1814 Quinto
1029 1752 1235 1805 decimo
1273 1770 1401 1805 vero
1441 1753 1710 1805 volumine
1748 1755 1923 1806 totum

150 1839 160 1855 ⁶
239 1827 413 1896 operis
462 1828 545 1880 sui
594 1844 788 1895 corpus
845 1827 1022 1879 citatis
1070 1827 1231 1880 etiam
1282 1828 1496 1895 patrum
1541 1827 1926 1880 traditionibus

237 1901 572 1954 confirmavit
612 1903 666 1953 et
704 1900 1066 1954 communivit.

898 2050 1033 2125 Cap.
1087 2050 1292 2108 XIII.-

387 2164 708 2218 Prudentius
718 2208 731 2234 ,
762 2166 844 2218 vir
875 2165 1136 2218 saeculari
1167 2165 1474 2218 litteratura
1500 2165 1754 2234 eruditUS,
1786 2183 1924 2219 com·-

239 2239 422 2307 posuit
461 2238 778 2307 ὃιττοχαῖον
824 2238 888 2291 de
934 2241 1050 2291 toto
1098 2239 1266 2292 veteri
1313 2241 1366 2292 et
1412 2258 1552 2293 novo
1598 2241 1926 2292 testamento

237 2312 481 2379 personis
539 2312 816 2382 excerptis
905 2310 1312 2367 Commentatus
1368 2316 1451 2366 est
1504 2315 1558 2366 et
1610 2314 1667 2366 in
1720 2331 1923 2366 morem

238 2385 563 2438 Graecorum
617 2386 942 2439 hexemeron
1005 2387 1068 2438 de
1122 2387 1309 2439 mundi
1369 2387 1577 2439 fabrica
1630 2405 1799 2456 usque
1859 2386 1925 2439 ad

237 2459 606 2513 condicionem
644 2459 878 2513 hominis
920 2463 974 2513 et
1010 2461 1527 2528 praevaricationem
1566 2461 1694 2513 eius,
1771 2458 1926 2513 Com-

356 2609 382 2648 2
414 2604 598 2649 Bamb.:
631 2604 789 2649 latinis
822 2604 952 2659 dedi3
992 2606 1152 2649 Bern.:
1192 2604 1352 2650 latinis
1383 2605 1511 2650 edidi
1647 2610 1672 2649 6
1707 2607 1780 2662 (=
1808 2600 1925 2648 ’Avo-

236 2665 420 2720 μοίους;
438 2664 625 2708 Bamb.:
644 2666 878 2721 anomeos)
943 2668 966 2708 7
992 2663 1120 2710 Vat.:
1147 2664 1208 2708 ad
1222 2679 1383 2709 versus
1400 2663 1713 2718 continentes3
1738 2663 1930 2708 1322me

236 2722 297 2766 ad
327 2723 414 2768 XV
448 2759 456 2767 .
491 2756 500 2765 .
627 2727 683 2768 14
705 2722 868 2768 Bamb.
902 2724 950 2767 et
979 2723 1136 2768 Bern.:
1168 2723 1460 2768 rationabilis
1581 2728 1637 2767 24
1668 2724 1798 2768 Vat.:
1829 2724 1924 2767 tro-

237 2795 393 2837 ceum3
424 2781 610 2827 Bamb.=
635 2782 899 2836 trocheum3
931 2782 1088 2828 Bern.:
1114 2783 1450 2827 dithrocheum.
1515 2781 1636 2836 Quid
1659 2783 1927 2838 διττοχαῖον

237 2840 319 2895 sit,
343 2854 437 2885 non
460 2840 621 2897 liquet.
679 2839 896 2886 Ceterum
924 2841 1080 2886 confer
1096 2840 1262 2898 Ebert,
1287 2839 1596 2898 „Geschichte
1618 2841 1701 2886 der
1725 2839 1925 2885 christl.-

234 2898 316 2943 lat.
350 2899 648 2944 Litteratur“.
