1974 3192
770 149 1113 194 -XXI-

101 288 198 341 24:
237 285 436 338 librum
475 283 754 337 Antonino
793 282 976 338 Marco
1015 284 1161 339 Vero
1199 286 1529 355 imperatori.

101 361 198 414 25:
239 357 375 427 ‘pro'
418 376 521 410 om.

101 435 199 487 27:
238 432 364 484 libri
401 430 499 483 ·II·

101 508 200 561 28:
240 506 377 558 liber
416 504 511 574 ·I·,
549 507 610 559 de
645 507 850 560 ecclesia
888 506 1025 558 liber
1055 505 1129 558 ·I·
1169 505 1382 576 (librum
1405 505 1525 578 ·I·)‚
1564 509 1624 562 de
1659 510 1786 562 veri-

235 583 337 633 tate
375 579 456 632 zib.
489 579 537 632 Ι.
577 581 636 634 de
667 580 993 648 ymeratione
1030 578 1227 632 Christi
1265 581 1350 634 lib.
1373 582 1421 634 Ι.
1461 584 1521 635 de
1556 582 1791 651 profetia

237 652 558 725 (prophetia)
599 672 694 706 sua
734 654 816 707 lib.
856 652 904 705 Ι.
990 651 1102 723 (A.:
1150 652 1285 706 ‘sua'
1336 673 1438 708 om.
1488 655 1569 708 ‘de
1608 656 1712 710 fide
1751 657 1785 710 l.

236 747 287 781 u.
327 727 391 780 de
429 728 573 795 plasi
611 728 642 780 1.
682 726 751 780 u?
796 724 922 794 om.)

835 844 952 900 Paq.
986 846 1065 888 26.

145 923 202 973 1:
243 919 307 972 de
347 918 564 971 diabulo
605 918 805 971 librum
845 919 915 971 ·I·

142 995 202 1048 2:
243 993 306 1046 de
342 992 696 1062 apocalypsin
723 991 834 1064 (V.:
871 990 1288 1062 apocalypsen).
1320 1023 1382 1030 —
1427 992 1511 1045 ‘et'
1544 1010 1640 1046 om.
1667 991 1795 1063 (Au)

142 1069 202 1122 3:
242 1066 579 1136 eglogiarum
618 1065 728 1138 (V.:
770 1065 1125 1138 eglogarum).

142 1143 204 1195 4:
245 1141 469 1211 eligans.

146 1216 210 1269 9:
251 1213 543 1267 Theofilus.

110 1291 205 1343 10:
243 1288 560 1358 imperatori
586 1285 697 1359 (A.:
737 1286 1063 1359 imperatore)
1096 1288 1295 1342 Marco.
1329 1286 1438 1358 (V.:
1465 1286 1629 1357 ‘impf
1657 1287 1800 1357 οη).

114 1364 208 1416 12:
249 1361 603 1415 Autholicum
646 1360 733 1433 (V.
775 1360 1125 1433 Autolicum).

112 1438 208 1491 13:
249 1437 530 1505 eligantes.

112 1511 207 1564 15:
246 1511 305 1562 in
344 1510 645 1580 euangelio,

114 1586 208 1638 17:
247 1583 433 1637 frasin.
475 1583 585 1655 (A.:
626 1581 851 1654 phrasi).

115 1659 209 1712 19:
249 1657 638 1727 AppollinariS.
681 1689 750 1696 —
799 1658 898 1710 sub
939 1658 1254 1726 imperatori
1302 1656 1412 1724 [A.:
1453 1657 1545 1711 sub
1581 1657 1802 1725 impera-

243 1736 348 1785 tore
385 1732 586 1786 Marco.
626 1775 637 1785 .
679 1734 712 1797 .]

27 1847 29 1850 ψ
112 1807 209 1871 20,-
249 1805 615 1874 ‘imperatore’
659 1823 762 1858 om.

112 1881 210 1933 21:
240 1897 340 1948 pro
380 1878 801 1934 Christianorum
838 1880 938 1947 fide
976 1876 1241 1949 (A.V.B.:
1280 1897 1378 1948 pro
1419 1875 1622 1932 Christ.
1659 1875 1735 1947 fi).

114 1955 209 2007 23:
251 1954 545 2023 catafrigas
587 1951 714 2024 (Vm)

114 2028 213 2080 27:
253 2028 538 2098 episcopus
579 2028 848 2081 ecclesiae.

847 2129 962 2187 Pay.
1000 2133 1078 2175 27.

202 2225 213 2258 ε
254 2205 544 2274 episcopis,
584 2205 678 2258 sed
710 2205 952 2274 epistulis
993 2223 1129 2258 corr.
1167 2202 1260 2257 ml.

204 2298 216 2330 ε
257 2278 539 2332 Astrinam
582 2276 694 2349 (V.:
733 2277 976 2349 trinam).

199 2373 210 2406 :
250 2353 580 2422 ignosianos.
620 2384 690 2392 --
730 2352 1045 2423 Phynitum.

203 2446 214 2479 ε
256 2429 446 2480 octava
459 2446 623 2496 quam
638 2427 855 2496 scripsit
869 2427 936 2480 ad
950 2425 1295 2481 Orisoforam.
1314 2424 1404 2496 (V.
1417 2445 1429 2480 ε
1443 2426 1693 2479 octabam
1705 2422 1810 2495 ad).

201 2521 212 2554 ε
251 2500 333 2553 Ph
371 2501 533 2554 nitus,

206 2595 217 2628 z
259 2519 569 2644 eligantem.
610 2606 680 2613 —
720 2574 1063 2644 Dyonisium.
1104 2606 1173 2613 —
1217 2574 1327 2645 (V.:
1366 2571 1716 2644 Dionisium).

124 2647 219 2702 15:
258 2649 556 2703 wutriendos
596 2646 726 2720 (Au)
767 2679 836 2686 --
878 2646 989 2719 (V.:
1039 2648 1426 2719 enutriendos).
1475 2678 1543 2685 -—
1590 2646 1813 2716 parvoli.

125 2723 218 2776 16:
260 2722 443 2776 deberi
483 2724 648 2793 cybo,
685 2727 746 2776 ut
766 2724 825 2775 in
855 2724 1183 2791 spiritualem
1201 2723 1482 2791 proficiant
1502 2725 1815 2775 senectutem.

253 2797 331 2849 Et
350 2796 432 2850 hic
447 2798 539 2851 sub
556 2797 740 2851 Marco
757 2797 1026 2850 Antonino
1044 2802 1092 2851 et
1105 2798 1321 2851 Aurelio
1341 2796 1610 2851 Commodo
1625 2794 1815 2862 floruit.

222 2911 225 2914 »
258 2868 367 2940 (A.:
387 2874 442 2923 et
458 2870 546 2925 hic
564 2913 575 2924 .
593 2913 603 2925 .
624 2913 634 2924 .
655 2875 709 2925 et
725 2870 890 2925 Lucio
911 2871 1136 2925 Aurelio
1156 2870 1213 2925 G.
1231 2870 1304 2943 fl.)
1333 2870 1444 2940 (V.:
1462 2869 1552 2922 ‘ut’
1573 2872 1670 2922 etc.
1688 2866 1815 2938 om.)

212 2965 251 2997 H
260 2974 279 2997 e
288 2974 307 2996 r
316 2965 340 2996 d
350 2965 364 2997 i
373 2974 399 2998 n
408 2973 433 3004 g
442 2989 452 3008 ‚
477 2966 747 3008 Hieronymus.
1430 2957 1461 3000 b

122 2206 190 2627 55>oeme
