1974 3192
680 167 1127 219 ·—77—

103 284 286 353 posuit
330 285 384 336 et
431 283 669 352 libellos,
717 301 850 353 quos
890 300 1082 374 graeca
1121 285 1485 353 appellatione
1523 286 1783 355 praetitu-

107 358 240 410 lavit
283 351 613 425 ἆποθέωσις,
651 360 981 426 ψυχομαχία,
1021 353 1429 443 ἁμαρτιγένεια]
1468 360 1523 412 1(1
1571 362 1674 428 est,
1721 360 1783 413 de

102 430 409 499 divinitate,
448 431 513 483 de
551 432 974 526 compugnantia
1014 432 1201 499 animi,
1241 431 1305 484 de
1345 433 1562 502 origene
1601 451 1786 501 pecca-

103 508 310 571 torum3
358 504 486 557 fecit
532 504 639 557 et
644 505 701 556 in
739 504 951 556 laudem
990 504 1305 572 martyrum'
1346 506 1445 558 sub
1486 507 1785 575 aliquorum

103 578 411 630 nominibus
462 578 835 630 invitatorium
885 578 952 630 ad
1002 579 1324 645 martyrium
1374 579 1572 632 librum
1618 599 1785 632 unum
1848 593 1873 631 ὅ

105 653 160 703 et
198 650 564 719 ‘hymnorum'
605 652 857 719 alterum,
898 651 1119 720 speciali
1151 654 1334 703 tamen
1364 653 1664 706 intentione
1697 654 1785 706 ad-

105 742 290 777 versus
315 723 695 793 Symmachum
725 724 1089 778 idololatriam
1121 724 1515 795 defendentem,
1555 745 1618 778 ex
1658 745 1787 795 quo-

105 816 225 850 rum
263 798 493 851 lectione
533 798 847 867 agnoscitur
883 797 1160 849 Palatinus
1199 797 1351 850 miles
1390 797 1571 851 fuisse.

772 947 907 1021 cap.
961 946 1137 1005 XIV.

253 1060 583 1130 Audentius,
639 1061 921 1130 episcopus
967 1061 1261 1130 HispanuS,
1315 1061 1568 1114 adversus
1614 1060 1788 1113 Mani·
1825 1076 1879 1114 10

107 1136 302 1189 chaeos
345 1135 558 1204 scripsit
603 1138 658 1188 et
682 1133 1031 1188 *Sabellianos
1079 1138 1133 1187 et
1178 1134 1413 1187 Arianos
1460 1135 1792 1205 maximeque

109 1210 328 1279 speciali
378 1209 681 1262 intentione
729 1211 919 1262 contra
956 1208 1335 1277 PhotinianOS‚
1375 1209 1466 1277 qui
1506 1226 1650 1261 nunc
1688 1207 1792 1262 Bo-

108 1283 314 1336 nosiaci
354 1283 618 1351 dicuntur,
669 1282 868 1335 librum
923 1300 1082 1351 quem
1134 1282 1507 1350 praetitulavit
1560 1280 1644 1334 ‘de
1690 1282 1792 1334 fide

111 1357 362 1410 adversos
400 1354 706 1424 hereticos'‚
744 1357 802 1408 in
842 1374 947 1425 quo
987 1355 1224 1409 ostendit
1262 1356 1639 1425 antiquitatem
1669 1355 1793 1408 Filii

108 1429 211 1483 Dei
242 1430 634 1484 coaeternalem
655 1428 805 1482 Patri
835 1429 1000 1482 fuisse
1031 1447 1130 1482 nec
1159 1428 1376 1482 initium
1408 1429 1624 1482 deitatis
1667 1432 1796 1482 tunc
1829 1442 1882 1480 15

111 1522 144 1557 a
165 1503 325 1556 Patre
348 1502 464 1556 Deo
506 1504 795 1572 accepisse,
834 1521 955 1556 cum
979 1502 1154 1555 Maria
1186 1505 1358 1555 matre
1389 1503 1595 1572 virgine
1632 1502 1795 1556 homo

110 1577 227 1630 Deo
266 1577 566 1630 fabricante
605 1580 896 1646 conceptus
937 1580 992 1630 et
1030 1579 1191 1629 natus
1234 1576 1319 1629 sit.

801 1728 936 1803 Gap.
988 1728 1053 1785 X
1065 1726 1126 1784 V.

261 1841 682 1896 Commodianus
721 1843 849 1895 dum
887 1843 1030 1895 inter
1063 1842 1360 1895 saeculares
1393 1842 1600 1894 litteras
1634 1841 1795 1893 etiam

117 1920 332 1970 nostras
378 1917 534 1986 legit,
579 1917 916 1970 occasionem
972 1916 1179 1984 accepit
1230 1915 1369 1968 fidei.
1454 1914 1649 1967 Factus
1698 1915 1795 1966 ita·
1830 1927 1885 1965 20

117 2009 219 2059 que
266 1989 606 2044 Christianus
655 1993 709 2043 et
754 1992 939 2044 volens
989 1989 1189 2058 aliquid
1238 1989 1534 2041 studiorum
1582 2006 1800 2041 suorum

117 2064 352 2116 muneris
401 2064 588 2117 offerre
628 2062 869 2132 Christo,
915 2081 1042 2116 suae
1082 2063 1272 2116 salutis
1313 2063 1540 2131 auctori,
1587 2061 1802 2130 scripsit

118 2137 374 2191 mediocri
413 2156 658 2191 sermone
696 2139 850 2208 quasi
890 2156 1048 2190 versu
1087 2136 1361 2189 ‘adversus
1400 2134 1679 2206 paganos'.
1730 2135 1803 2188 Et

117 2212 243 2281 quia
280 2229 473 2279 parum
510 2215 821 2265 nostrarum
859 2211 1129 2281 adtigerat
1165 2210 1489 2277 litterarum,
1527 2209 1701 2279 magis
1740 2209 1802 2260 il-

118 2286 295 2338 lorum
334 2285 606 2338 destruere
644 2286 824 2354 potuit
863 2284 1143 2354 dogmata,
1178 2302 1340 2352 quam
1378 2286 1577 2336 nostra.
1649 2281 1803 2336 Unde
1836 2294 1890 2333 25

122 2361 176 2412 et
201 2359 266 2410 de
298 2358 491 2412 divinis
523 2359 1030 2427 repromissionibus
1063 2357 1317 2411 adversus
1356 2357 1479 2410 illos
1512 2373 1679 2426 agens
1710 2355 1804 2408 vili

121 2433 252 2485 satis
316 2435 370 2484 et
425 2450 604 2486 crasso
659 2435 720 2485 ut
764 2433 842 2485 ita
888 2432 1114 2486 dixerim
1161 2449 1322 2484 sensu
1371 2430 1643 2496 disseruit,
1696 2429 1803 2481 illis

238 2582 265 2621 3
298 2577 425 2622 Vat.:
459 2577 815 2634 compunctione
915 2581 968 2620 11
1001 2576 1162 2621 Bamb.
1195 2578 1243 2621 et
1274 2576 1429 2620 Bern.:
1461 2573 1661 2618 maxime
1693 2585 1802 2628 quo-

122 2650 211 2692 que
330 2641 384 2679 12
418 2636 545 2680 Vat.:
578 2635 841 2681 Fotiniacos
951 2640 1004 2679 19
1037 2635 1165 2680 Vat:
1198 2634 1557 2679 Commodianus
1588 2631 1803 2677 inter....

123 2695 302 2752 legeret
437 2694 601 2739 ‘etiam
631 2694 832 2740 nostras'
868 2694 1000 2739 deest
1030 2694 1080 2738 in
1102 2693 1266 2739 Bamb
1409 2697 1463 2736 22
1489 2689 1674 2735 Bamb:
1706 2705 1804 2735 mu-

121 2769 209 2798 nus
367 2759 425 2799 24
455 2753 640 2799 Bamb:
672 2756 859 2810 patrum
890 2755 1154 2798 nostrorum
1320 2757 1376 2796 25
1408 2752 1496 2795 1100
1527 2749 1806 2795 vocabulum

124 2813 256 2857 deest
285 2813 334 2857 in
365 2813 471 2858 Vat.
498 2814 547 2858 et
571 2812 752 2867 Bamb.;
784 2811 943 2858 Β6111..
969 2812 1248 2857 documenta
1308 2816 1364 2855 26
1389 2808 1549 2854 Bamb.
1576 2811 1623 2854 et
1645 2809 1804 2852 Bern.:

126 2871 507 2928 promissionibus
