1974 3192
891 185 1252 237 „28—

234 303 332 354 sub
378 303 699 370 imperatore
748 299 934 353 Marco
974 298 1250 353 Antonino
1287 299 1433 354 Vero
1489 305 1544 354 et
1591 300 1757 354 Lucio
1809 299 1917 354 Au-

134 370 152 385 ’
233 375 365 428 relic
406 372 698 427 Commodo
738 372 937 426 floruit.

888 508 1025 583 Cap.
1079 508 1290 566 XXX.

385 623 697 693 Philippus,
759 624 1042 692 episcopus
1097 620 1392 688 Cretensis,
1446 623 1548 677 hoc
1604 627 1712 693 est,
1769 625 1918 678 urbis

177 713 202 753 5
235 697 515 766 Gortinae‚
565 697 715 750 cuius
762 696 1058 766 Dionysius
1113 696 1171 749 in
1226 697 1455 766 epistula
1509 716 1607 750 sua
1659 699 1921 766 meminit,

235 790 398 842 quam
439 771 653 841 scripsit
690 771 758 823 ad
799 769 1033 823 eiusdem
1067 769 1304 823 civitatis
1344 771 1646 840 ecclesiam,
1685 773 1920 841 praecla-

232 865 353 898 rum
393 844 675 898 adversum
712 843 1043 898 Marcionem
1082 843 1251 896 edidit
1297 844 1520 913 librum,
1565 845 1921 914 temporibus-

235 938 335 989 que
381 918 551 971 Marci
596 918 863 972 Antonini
902 917 1033 971 Veri
1087 920 1142 970 et
1188 917 1340 972 Lucii
1386 917 1595 971 Aurelii
1642 917 1922 972 Commodi

234 993 441 1046 claruit.

147 1112 201 1152 10
862 1083 996 1158 Gap.
1049 1083 1298 1141 XXXI

384 1198 670 1267 Musanus‚
700 1215 811 1251 non
850 1198 1108 1267 ignobilis
1139 1198 1281 1250 inter
1311 1215 1402 1251 eos
1434 1198 1525 1268 qui
1558 1199 1923 1253 ecclesiastica

235 1273 492 1343 dogmata
533 1272 886 1342 scripserunt,
927 1271 1026 1324 sub
1066 1271 1391 1340 imperatore
1421 1270 1604 1326 Marco
1637 1271 1918 1327 Antonino

232 1346 377 1400 Vero
418 1345 646 1399 confecit
683 1345 881 1398 librum
921 1345 989 1398 ad
1030 1345 1289 1414 quosdam
1328 1345 1523 1400 fratres
1541 1388 1556 1415 ‚
1606 1347 1700 1416 qui
1739 1346 1802 1400 de
1841 1364 1923 1400 ec-

235 1421 399 1474 clesia
438 1420 506 1474 ad
546 1419 931 1472 encratitarum
970 1419 1203 1472 heresim
1243 1419 1593 1474 declinarunt.

146 1582 200 1622 15
846 1570 981 1644 Cap.
1034 1569 1322 1628 XXXII.

381 1685 658 1739 Modestus
699 1685 906 1754 et'ipse
948 1685 1046 1738 sub
1086 1685 1408 1754 imperatore
1432 1684 1614 1740 Marco
1639 1685 1920 1741 Antonino
1950 1672 1955 1710 ³

234 1763 289 1813 et
326 1760 492 1813 Lucio
531 1759 750 1813 Aurelio
792 1758 1089 1813 Commodo
1130 1759 1383 1812 adversus
1422 1758 1754 1814 Marcionem
1793 1762 1917 1815 scri·
1953 1764 1955 1766 ’

232 1835 342 1903 psit
395 1834 618 1902 librum,
669 1833 759 1903 qui
812 1851 980 1902 usque
1034 1832 1195 1886 hodie
1250 1836 1570 1902 perseverat.
1653 1833 1921 1888 Feruntur

239 1908 336 1961 sub
376 1908 592 1961 nomine
632 1907 744 1960 eius
784 1909 838 1960 et
878 1907 983 1959 alia
1022 1905 1399 1975 συντάγματα,
1446 1907 1538 1960 sed
1584 1908 1652 1961 ab
1700 1908 1922 1962 eruditis

148 1997 205 2036 20
237 1982 392 2052 quasi
431 1982 853 2051 ψευδεπίγραφοι
892 1980 1255 2050 repudiantur.

827 2133 962 2207 Gap.
1015 2131 1341 2189 XXXIII.

383 2247 722 2300 Bardesanes
754 2246 1179 2316 Mesopotamiae
1221 2247 1396 2299 clarus
1434 2246 1653 2300 habitus
1694 2250 1791 2317 est,
1829 2249 1921 2319 qui

236 2321 469 2391 primum
506 2321 784 2374 Valentini
832 2323 1066 2373 sectator
1124 2320 1313 2373 deinde
1363 2321 1674 2374 confutator
1721 2339 1920 2375 novam

236 2397 352 2464 ipse
391 2395 622 2449 heresim
661 2394 918 2449 condidit.
979 2394 1193 2447 Ardens
1233 2394 1345 2447 eius
1385 2413 1418 2447 a
1458 2393 1608 2463 Syris
1646 2396 1922 2465 praedica-

147 2491 203 2532 25
237 2471 326 2522 tur
374 2469 652 2539 ingenium
699 2471 753 2522 et
798 2469 857 2521 in
908 2468 1275 2536 disputatione
1314 2468 1618 2522 vehemens.
1695 2467 1924 2540 Scripsit

237 2542 450 2596 infinita
500 2543 752 2596 adversus
802 2561 988 2596 omnes
1035 2559 1206 2611 paene
1253 2541 1541 2612 hereticos,
1598 2543 1689 2613 qui
1744 2546 1951 2611 aetate}

237 2617 350 2670 eius
389 2616 802 2686 pullulaverant.
878 2616 943 2668 In
992 2616 1183 2685 quibus
1223 2615 1548 2669 clarissimus
1601 2618 1656 2669 et
1692 2616 1956 2686 fortissi-33

233 2709 353 2744 mus
392 2691 529 2743 liber
574 2693 656 2743 est
703 2708 858 2758 quem
897 2688 1083 2742 Marco
1123 2688 1405 2743 Antonino
1452 2691 1512 2743 de
1545 2690 1658 2755 fato
1696 2685 1955 2744 tradidit

355 2841 407 2880 11
442 2835 571 2880 Vat.:
603 2835 843 2879 Musianus
1011 2834 1092 2879 aL:
1126 2834 1184 2879 de
1216 2834 1534 2879 ecclesiastico
1567 2835 1786 2893 dogmate

235 2900 292 2939 26
325 2895 385 2940 al.
420 2895 617 2940 addunt:
652 2893 888 2939 volumina

1937 2763 1956 2844 3
