1974 3192
792 178 1156 231 -53-

681 313 1276 389 ow.LXXXVH:

283 425 640 496 Athanasius,
687 427 1085 482 Alexandrinae
1123 430 1272 482 urbis
1313 430 1611 501 episcopuS‚
1651 431 1821 484 multa

134 499 461 554 Aria-norum
499 518 785 570 perpessus
825 502 1059 572 insidiis,
1099 502 1166 555 ad
1199 501 1579 572 Constantem,
1619 502 1819 556 Gallia-

133 592 252 626 rum
298 574 620 643 principem,
666 575 832 645 fugit,
878 575 1020 628 unde
1067 594 1311 629 reversus
1358 594 1478 630 cum
1523 577 1718 630 litteris
1768 581 1822 631 et

133 666 346 701 rursum
391 650 516 716 post
561 650 792 701 mortem
837 648 984 702 illius
1023 649 1242 719 fugatus
1297 668 1464 719 usque
1505 651 1572 703 ad
1609 650 1818 703 Ioviani
1852 666 1877 705 5

136 721 422 790 imperium
462 722 648 790 latuit,
695 740 727 774 a
773 740 879 790 quo
929 726 1147 791 recepta
1188 724 1411 776 ecclesia
1450 724 1547 776 sub
1587 723 1820 777 Valente

135 795 376 847 moritur.
451 794 722 847 Feruntur
769 795 883 847 eius
932 795 1240 848 ‘adversum
1286 796 1501 866 gentes'
1548 797 1677 850 libri
1716 797 1820 850 duo

139 871 193 920 et
232 867 443 922 ‘contra
481 867 767 921 Valentem
819 871 873 921 et
910 867 1216 922 Ursacium'
1263 888 1423 939 1111118,
1472 870 1554 922 ‘de
1600 871 1821 940 virgini-

133 944 247 994 tate
260 941 294 1010 ³,
333 940 424 994 ‘de
462 942 929 1010 persecutionibus
968 942 1323 995 Arianorum'
1371 943 1591 1012 plurimi
1638 947 1691 996 et
1739 944 1822 996 ede

134 1016 469 1085 psalmorum
498 1014 695 1068 titulis'
729 1017 782 1068 et
814 1014 1065 1069 ‘historia
1089 1016 1317 1069 Antonii
1350 1015 1620 1070 monachi'
1652 1017 1822 1069 vitam
1855 1034 1909 1073 10

136 1089 421 1142 continens
462 1091 516 1141 et
554 1086 906 1159 ἑορταστικαί
940 1090 1201 1159 epistulae
1241 1092 1295 1143 ct
1325 1091 1493 1144 multa
1525 1090 1648 1159 alia,
1688 1109 1822 1160 quae

136 1181 449 1216 enumerare
487 1162 712 1233 longum
753 1166 848 1216 est.

671 1302 1306 1402 aw.LxxXVnz

283 1441 554 1495 Antonius
593 1443 892 1496 monachus
901 1485 915 1511 ,
955 1444 1104 1496 cuius
1137 1444 1307 1496 vitam
1331 1443 1677 1511 AthanasiUS‚
1701 1442 1823 1495 Ale·

136 1516 391 1569 xandriae
441 1516 746 1586 episcopm,
793 1517 998 1587 insigni
1047 1518 1320 1570 volumine
1367 1519 1682 1585 prosecutus
1729 1520 1824 1585 est,
1858 1531 1911 1571 15

135 1591 284 1643 misit
308 1590 656 1659 aegyptiacas
690 1590 757 1643 ad
789 1590 1001 1644 diversa
1032 1591 1360 1644 monasteria
1393 1590 1674 1659 apostolici
1706 1609 1823 1643 sen-

137 1682 227 1716 sus
278 1664 645 1732 sermonisque
693 1664 952 1733 epistulas
1001 1668 1227 1734 septem,
1282 1683 1416 1733 quae
1470 1665 1529 1717 in
1575 1682 1825 1734 graecam

138 1738 380 1807 linguam
429 1738 723 1790 translatae
778 1741 924 1808 sunt,
984 1757 1210 1807 quarum
1265 1738 1555 1807 praecipua
1604 1741 1686 1791 est
1737 1737 1824 1790 ‘ad

135 1810 492 1864 Arsenoitas'.
553 1810 762 1866 Floruit
787 1809 1148 1866 Constantino
1190 1815 1243 1865 et
1280 1812 1404 1864 filiis
1445 1812 1557 1865 eius
1595 1829 1825 1882 regnan-

136 1886 300 1939 tibus„
1858 1900 1914 1939 20

731 2006 866 2081 Cap.
920 2006 1160 2064 XXXI
1163 2006 1238 2065 X.

286 2121 548 2191 Basiliuffi
594 2120 913 2190 Ancyranus
969 2121 1273 2190 episcopm,
1335 2120 1467 2173 artis
1530 2120 1825 2173 medicinae

140 2212 341 2265 gnarus
382 2196 601 2265 scripsit
648 2198 837 2248 contra
875 2194 1210 2248 Marcellum'
1260 2197 1314 2247 et
1362 2194 1443 2247 ‘de
1490 2192 1824 2264 virginitate'

138 2269 337 2322 librum
378 2272 432 2322 et
468 2270 729 2322 nonnulla
769 2269 897 2337 alia,
945 2272 999 2321 et
1045 2270 1144 2322 sub
1183 2286 1310 2337 rege
1351 2265 1671 2321 Constantio
1710 2267 1825 2320 Ma-

139 2343 463 2469 pedtonianae
509 2343 681 2412 partis
731 2361 853 2395 cum
890 2341 1195 2396 Eustathio-
1233 2341 1529 2395 Sebasteno
1576 2342 1824 2411 princeps
1859 2355 1912 2395 25

162 2436 216 2468 ui
244 2459 254 2470 .

828 2537 963 2612 Cap.
1017 2537 1142 2596 XO.

289 2651 628 2722 Theodorus,
659 2650 952 2704 Heracleae
985 2650 1340 2705 Thraciarum
1380 2652 1684 2720 episcopm,
1725 2650 1824 2702 ele-

140 2726 320 2796 gantis
361 2726 638 2796 apertique
687 2726 948 2778 sermonis
1001 2728 1055 2778 et
1093 2727 1267 2796 magis
1305 2725 1595 2778 historicae
1633 2723 1822 2777 intelli-

260 2891 285 2930 2
318 2885 502 2931 Bamb.:
534 2885 708 2930 multas
742 2921 750 2931 .
786 2921 795 2930 .
828 2885 1018 2930 insidias
1140 2891 1193 2931 16
1225 2886 1408 2930 Bamb.:
1442 2884 1718 2942 aegyptiace
