<?xml version="1.0" encoding="UTF-8"?>
<!DOCTYPE html PUBLIC "-//W3C//DTD XHTML 1.0 Transitional//EN"
    "http://www.w3.org/TR/xhtml1/DTD/xhtml1-transitional.dtd">
<html xmlns="http://www.w3.org/1999/xhtml" xml:lang="en" lang="en">
 <head>
  <title>
</title>
<meta http-equiv="Content-Type" content="text/html;charset=utf-8" />
  <meta name='ocr-system' content='tesseract 3.04.00' />
  <meta name='ocr-capabilities' content='ocr_page ocr_carea ocr_par ocr_line ocrx_word'/>
</head>
<body>
  <div class='ocr_page' id='page_1' title='image "./devirisinlustrib00jerouoft_0135.png"; bbox 0 0 1974 3192; ppageno 0'>
   <div class='ocr_carea' id='block_1_1' title="bbox 767 146 1228 339">
    <p class='ocr_par' dir='ltr' id='par_1_1' title="bbox 767 146 1228 339">
     <span class='ocr_line' id='line_1_1' title="bbox 819 146 1176 198; baseline 0.006 -16"><span class='ocrx_word' id='word_1_1' title='bbox 819 175 880 182; x_wconf 79' lang='grc'>-</span> <span class='ocrx_word' id='word_1_2' title='bbox 962 146 1030 198; x_wconf 77' lang='lat'>87</span> <span class='ocrx_word' id='word_1_3' title='bbox 1113 176 1176 184; x_wconf 80' lang='grc'>.-</span> 
     </span>
     <span class='ocr_line' id='line_1_2' title="bbox 767 239 1228 339; baseline 0.007 -17"><span class='ocrx_word' id='word_1_4' title='bbox 767 264 903 339; x_wconf 73' lang='lat' dir='ltr'>Cap.</span> <span class='ocrx_word' id='word_1_5' title='bbox 956 239 1228 325; x_wconf 83' lang='lat' dir='ltr'><strong><em>XXXV.</em></strong></span> 
     </span>
    </p>
   </div>
   <div class='ocr_carea' id='block_1_2' title="bbox 142 375 1835 521">
    <p class='ocr_par' dir='ltr' id='par_1_2' title="bbox 142 375 1835 521">
     <span class='ocr_line' id='line_1_3' title="bbox 291 375 1835 451; baseline 0.006 -22"><span class='ocrx_word' id='word_1_6' title='bbox 291 375 558 430; x_wconf 83' lang='lat' dir='ltr'>Eusebius</span> <span class='ocrx_word' id='word_1_7' title='bbox 608 378 823 448; x_wconf 87' lang='lat' dir='ltr'>scripsit</span> <span class='ocrx_word' id='word_1_8' title='bbox 862 377 946 430; x_wconf 77' lang='lat' dir='ltr'>‘de</span> <span class='ocrx_word' id='word_1_9' title='bbox 994 380 1164 432; x_wconf 89' lang='lat' dir='ltr'>crucis</span> <span class='ocrx_word' id='word_1_10' title='bbox 1202 379 1423 435; x_wconf 88' lang='lat' dir='ltr'>Domini</span> <span class='ocrx_word' id='word_1_11' title='bbox 1468 384 1739 451; x_wconf 87' lang='lat' dir='ltr'>mysterio’</span> <span class='ocrx_word' id='word_1_12' title='bbox 1781 388 1835 439; x_wconf 90' lang='lat' dir='ltr'>et</span> 
     </span>
     <span class='ocr_line' id='line_1_4' title="bbox 142 451 1833 521; baseline 0.006 -19"><span class='ocrx_word' id='word_1_13' title='bbox 142 451 514 518; x_wconf 82' lang='lat' dir='ltr'>apostolorum</span> <span class='ocrx_word' id='word_1_14' title='bbox 544 452 934 521; x_wconf 89' lang='lat' dir='ltr'>praecipueque</span> <span class='ocrx_word' id='word_1_15' title='bbox 967 451 1114 504; x_wconf 91' lang='lat' dir='ltr'>Petri</span> <span class='ocrx_word' id='word_1_16' title='bbox 1153 456 1455 510; x_wconf 88' lang='lat' dir='ltr'>constantia</span> <span class='ocrx_word' id='word_1_17' title='bbox 1491 457 1686 510; x_wconf 87' lang='lat' dir='ltr'>virtute</span> <span class='ocrx_word' id='word_1_18' title='bbox 1719 476 1833 511; x_wconf 87' lang='lat' dir='ltr'>cru-</span> 
     </span>
    </p>
   </div>
   <div class='ocr_carea' id='block_1_3' title="bbox 142 523 1241 675">
    <p class='ocr_par' dir='ltr' id='par_1_3' title="bbox 142 523 1241 675">
     <span class='ocr_line' id='line_1_5' title="bbox 142 523 495 593; baseline 0.006 -17"><span class='ocrx_word' id='word_1_19' title='bbox 142 525 221 576; x_wconf 89' lang='lat' dir='ltr'>cis</span> <span class='ocrx_word' id='word_1_20' title='bbox 261 523 495 593; x_wconf 88' lang='lat' dir='ltr'>indepta.</span> 
     </span>
     <span class='ocr_line' id='line_1_6' title="bbox 741 601 1241 675; baseline 0.002 -16"><span class='ocrx_word' id='word_1_21' title='bbox 741 601 877 675; x_wconf 73' lang='lat' dir='ltr'>Cap.</span> <span class='ocrx_word' id='word_1_22' title='bbox 930 601 1131 659; x_wconf 91' lang='lat' dir='ltr'>XXX</span> <span class='ocrx_word' id='word_1_23' title='bbox 1142 602 1241 660; x_wconf 88' lang='lat' dir='ltr'>VI.</span> 
     </span>
    </p>
   </div>
   <div class='ocr_carea' id='block_1_4' title="bbox 137 713 1834 1372">
    <p class='ocr_par' dir='ltr' id='par_1_4' title="bbox 137 713 1834 1372">
     <span class='ocr_line' id='line_1_7' title="bbox 291 713 1832 788; baseline 0.004 -21"><span class='ocrx_word' id='word_1_24' title='bbox 291 713 622 785; x_wconf 86' lang='lat' dir='ltr'>Vigilantius</span> <span class='ocrx_word' id='word_1_25' title='bbox 668 716 968 784; x_wconf 73' lang='lat' dir='ltr'><strong>presbyter,</strong></span> <span class='ocrx_word' id='word_1_26' title='bbox 1014 716 1234 769; x_wconf 89' lang='lat' dir='ltr'>natione</span> <span class='ocrx_word' id='word_1_27' title='bbox 1284 716 1490 788; x_wconf 80' lang='lat' dir='ltr'>Gallus,</span> <span class='ocrx_word' id='word_1_28' title='bbox 1536 717 1832 788; x_wconf 83' lang='lat' dir='ltr'>Hispaniae</span> 
     </span>
     <span class='ocr_line' id='line_1_8' title="bbox 141 787 1834 862; baseline 0.004 -22"><span class='ocrx_word' id='word_1_29' title='bbox 141 787 549 842; x_wconf 86' lang='lat' dir='ltr'>Barcelonensis</span> <span class='ocrx_word' id='word_1_30' title='bbox 600 789 886 858; x_wconf 90' lang='lat' dir='ltr'>parochiae</span> <span class='ocrx_word' id='word_1_31' title='bbox 926 790 1204 843; x_wconf 87' lang='lat' dir='ltr'>ecclesiam</span> <span class='ocrx_word' id='word_1_32' title='bbox 1241 792 1430 843; x_wconf 88' lang='lat' dir='ltr'>tenuit.</span> <span class='ocrx_word' id='word_1_33' title='bbox 1508 789 1734 862; x_wconf 80' lang='lat' dir='ltr'>Scripsit</span> <span class='ocrx_word' id='word_1_34' title='bbox 1780 797 1834 847; x_wconf 94' lang='lat' dir='ltr'>et</span> 
     </span>
     <span class='ocr_line' id='line_1_9' title="bbox 139 861 1833 932; baseline 0.003 -18"><span class='ocrx_word' id='word_1_35' title='bbox 139 862 258 930; x_wconf 90' lang='lat' dir='ltr'>ipse</span> <span class='ocrx_word' id='word_1_36' title='bbox 296 862 408 915; x_wconf 91' lang='lat' dir='ltr'>zelo</span> <span class='ocrx_word' id='word_1_37' title='bbox 450 861 664 932; x_wconf 88' lang='lat' dir='ltr'>quidem</span> <span class='ocrx_word' id='word_1_38' title='bbox 702 863 978 932; x_wconf 84' lang='lat' dir='ltr'>religionis</span> <span class='ocrx_word' id='word_1_39' title='bbox 1019 863 1220 932; x_wconf 86' lang='lat' dir='ltr'>aliqua,</span> <span class='ocrx_word' id='word_1_40' title='bbox 1260 864 1352 915; x_wconf 89' lang='lat' dir='ltr'>sed</span> <span class='ocrx_word' id='word_1_41' title='bbox 1390 864 1560 917; x_wconf 87' lang='lat' dir='ltr'>victus</span> <span class='ocrx_word' id='word_1_42' title='bbox 1598 866 1833 919; x_wconf 89' lang='lat' dir='ltr'>humana</span> 
     </span>
     <span class='ocr_line' id='line_1_10' title="bbox 140 934 1833 1008; baseline 0.003 -21"><span class='ocrx_word' id='word_1_43' title='bbox 140 934 296 987; x_wconf 88' lang='lat' dir='ltr'>laude</span> <span class='ocrx_word' id='word_1_44' title='bbox 344 938 397 988; x_wconf 91' lang='lat' dir='ltr'>et</span> <span class='ocrx_word' id='word_1_45' title='bbox 440 954 788 1004; x_wconf 83' lang='lat' dir='ltr'>praesumens</span> <span class='ocrx_word' id='word_1_46' title='bbox 837 955 999 1005; x_wconf 87' lang='lat' dir='ltr'>supra</span> <span class='ocrx_word' id='word_1_47' title='bbox 1044 937 1183 989; x_wconf 87' lang='lat' dir='ltr'>vires</span> <span class='ocrx_word' id='word_1_48' title='bbox 1232 955 1386 1005; x_wconf 59' lang='lat' dir='ltr'>suam,</span> <span class='ocrx_word' id='word_1_49' title='bbox 1438 938 1600 991; x_wconf 92' lang='lat' dir='ltr'>homo</span> <span class='ocrx_word' id='word_1_50' title='bbox 1646 940 1833 1008; x_wconf 84' lang='lat' dir='ltr'>lingua</span> 
     </span>
     <span class='ocr_line' id='line_1_11' title="bbox 138 1009 1831 1080; baseline 0.002 -19"><span class='ocrx_word' id='word_1_51' title='bbox 138 1009 340 1077; x_wconf 90' lang='lat' dir='ltr'>politus</span> <span class='ocrx_word' id='word_1_52' title='bbox 348 1051 362 1078; x_wconf 82' lang='grc'>,</span> <span class='ocrx_word' id='word_1_53' title='bbox 409 1027 519 1062; x_wconf 93' lang='lat' dir='ltr'>non</span> <span class='ocrx_word' id='word_1_54' title='bbox 566 1027 727 1062; x_wconf 90' lang='lat' dir='ltr'>sensu</span> <span class='ocrx_word' id='word_1_55' title='bbox 773 1011 1156 1079; x_wconf 88' lang='lat' dir='ltr'>scripturarum</span> <span class='ocrx_word' id='word_1_56' title='bbox 1196 1011 1514 1063; x_wconf 86' lang='lat' dir='ltr'>exercitatus</span> <span class='ocrx_word' id='word_1_57' title='bbox 1524 1053 1537 1079; x_wconf 83' lang='lat'><em>‚</em></span> <span class='ocrx_word' id='word_1_58' title='bbox 1586 1014 1831 1080; x_wconf 86' lang='lat' dir='ltr'>exposuit</span> 
     </span>
     <span class='ocr_line' id='line_1_12' title="bbox 137 1083 1832 1152; baseline 0.002 -18"><span class='ocrx_word' id='word_1_59' title='bbox 137 1100 307 1150; x_wconf 86' lang='lat' dir='ltr'>pravo</span> <span class='ocrx_word' id='word_1_60' title='bbox 361 1083 577 1152; x_wconf 86' lang='lat' dir='ltr'>ingenio</span> <span class='ocrx_word' id='word_1_61' title='bbox 633 1083 922 1137; x_wconf 90' lang='lat' dir='ltr'>secundam</span> <span class='ocrx_word' id='word_1_62' title='bbox 975 1083 1216 1137; x_wconf 88' lang='lat' dir='ltr'>Danielis</span> <span class='ocrx_word' id='word_1_63' title='bbox 1269 1084 1553 1148; x_wconf 84' lang='lat' dir='ltr'>visionem,</span> <span class='ocrx_word' id='word_1_64' title='bbox 1618 1089 1670 1136; x_wconf 90' lang='lat' dir='ltr'>et</span> <span class='ocrx_word' id='word_1_65' title='bbox 1725 1086 1832 1138; x_wconf 87' lang='lat' dir='ltr'>alia</span> 
     </span>
     <span class='ocr_line' id='line_1_13' title="bbox 139 1155 1831 1227; baseline 0.002 -19"><span class='ocrx_word' id='word_1_66' title='bbox 139 1155 352 1210; x_wconf 88' lang='lat' dir='ltr'>locutus</span> <span class='ocrx_word' id='word_1_67' title='bbox 393 1159 476 1209; x_wconf 87' lang='lat' dir='ltr'>est</span> <span class='ocrx_word' id='word_1_68' title='bbox 513 1157 728 1226; x_wconf 86' lang='lat' dir='ltr'>frivola,</span> <span class='ocrx_word' id='word_1_69' title='bbox 779 1176 913 1227; x_wconf 87' lang='lat' dir='ltr'>quae</span> <span class='ocrx_word' id='word_1_70' title='bbox 952 1159 1008 1210; x_wconf 91' lang='lat' dir='ltr'>in</span> <span class='ocrx_word' id='word_1_71' title='bbox 1055 1158 1303 1227; x_wconf 85' lang='lat' dir='ltr'>catalogo</span> <span class='ocrx_word' id='word_1_72' title='bbox 1350 1157 1706 1210; x_wconf 76' lang='lat' dir='ltr'>hereticorum</span> <span class='ocrx_word' id='word_1_73' title='bbox 1744 1177 1831 1211; x_wconf 90' lang='lat' dir='ltr'>ne-</span> 
     </span>
     <span class='ocr_line' id='line_1_14' title="bbox 139 1230 1831 1301; baseline 0.002 -20"><span class='ocrx_word' id='word_1_74' title='bbox 139 1231 374 1283; x_wconf 86' lang='lat' dir='ltr'>cessario</span> <span class='ocrx_word' id='word_1_75' title='bbox 408 1235 762 1298; x_wconf 89' lang='lat' dir='ltr'>exponuntur.</span> <span class='ocrx_word' id='word_1_76' title='bbox 816 1231 956 1284; x_wconf 83' lang='lat' dir='ltr'>Huic</span> <span class='ocrx_word' id='word_1_77' title='bbox 988 1235 1042 1285; x_wconf 89' lang='lat' dir='ltr'>et</span> <span class='ocrx_word' id='word_1_78' title='bbox 1072 1233 1263 1285; x_wconf 86' lang='lat' dir='ltr'>beatus</span> <span class='ocrx_word' id='word_1_79' title='bbox 1287 1230 1654 1300; x_wconf 87' lang='lat' dir='ltr'>Hieronymus</span> <span class='ocrx_word' id='word_1_80' title='bbox 1686 1251 1831 1301; x_wconf 89' lang='lat' dir='ltr'>pres—</span> 
     </span>
     <span class='ocr_line' id='line_1_15' title="bbox 138 1303 619 1372; baseline 0.008 -17"><span class='ocrx_word' id='word_1_81' title='bbox 138 1303 297 1372; x_wconf 88' lang='lat' dir='ltr'>byter</span> <span class='ocrx_word' id='word_1_82' title='bbox 320 1305 619 1372; x_wconf 67' lang='lat' dir='ltr'>respondit·</span> 
     </span>
    </p>
   </div>
   <div class='ocr_carea' id='block_1_5' title="bbox 732 1410 1269 1486">
    <p class='ocr_par' dir='ltr' id='par_1_5' title="bbox 732 1410 1269 1486">
     <span class='ocr_line' id='line_1_16' title="bbox 732 1410 1269 1486; baseline 0 -18"><span class='ocrx_word' id='word_1_83' title='bbox 732 1411 866 1486; x_wconf 68' lang='lat' dir='ltr'>cap.</span> <span class='ocrx_word' id='word_1_84' title='bbox 920 1410 1269 1468; x_wconf 84' lang='lat' dir='ltr'><strong><em>XXXVII.</em></strong></span> 
     </span>
    </p>
   </div>
   <div class='ocr_carea' id='block_1_6' title="bbox 137 1523 1830 2037">
    <p class='ocr_par' dir='ltr' id='par_1_6' title="bbox 137 1523 1830 2037">
     <span class='ocr_line' id='line_1_17' title="bbox 289 1523 1829 1594; baseline 0 -16"><span class='ocrx_word' id='word_1_85' title='bbox 289 1523 665 1593; x_wconf 82' lang='lat' dir='ltr'>Simplicianus</span> <span class='ocrx_word' id='word_1_86' title='bbox 721 1526 1004 1594; x_wconf 88' lang='lat' dir='ltr'>episcopus</span> <span class='ocrx_word' id='word_1_87' title='bbox 1059 1525 1242 1578; x_wconf 88' lang='lat' dir='ltr'>multis</span> <span class='ocrx_word' id='word_1_88' title='bbox 1291 1525 1535 1594; x_wconf 73' lang='lat' dir='ltr'>epistulis</span> <span class='ocrx_word' id='word_1_89' title='bbox 1583 1525 1829 1586; x_wconf 85' lang='lat' dir='ltr'>hortatus</span> 
     </span>
     <span class='ocr_line' id='line_1_18' title="bbox 138 1597 1830 1668; baseline 0.001 -18"><span class='ocrx_word' id='word_1_90' title='bbox 138 1600 222 1650; x_wconf 91' lang='lat' dir='ltr'>est</span> <span class='ocrx_word' id='word_1_91' title='bbox 258 1597 626 1668; x_wconf 82' lang='lat' dir='ltr'>Augustinum</span> <span class='ocrx_word' id='word_1_92' title='bbox 667 1599 840 1652; x_wconf 87' lang='lat' dir='ltr'>adhuc</span> <span class='ocrx_word' id='word_1_93' title='bbox 877 1600 1267 1668; x_wconf 86' lang='lat' dir='ltr'>presbyterum,</span> <span class='ocrx_word' id='word_1_94' title='bbox 1307 1599 1512 1667; x_wconf 83' lang='lat' dir='ltr'>agitare</span> <span class='ocrx_word' id='word_1_95' title='bbox 1555 1599 1830 1668; x_wconf 87' lang='lat' dir='ltr'>ingenium</span> 
     </span>
     <span class='ocr_line' id='line_1_19' title="bbox 140 1672 1829 1741; baseline 0 -17"><span class='ocrx_word' id='word_1_96' title='bbox 140 1673 196 1724; x_wconf 87' lang='lat' dir='ltr'>et</span> <span class='ocrx_word' id='word_1_97' title='bbox 252 1673 574 1741; x_wconf 71' lang='lat' dir='ltr'>expositioni</span> <span class='ocrx_word' id='word_1_98' title='bbox 627 1674 1014 1741; x_wconf 89' lang='lat' dir='ltr'>scripturarum</span> <span class='ocrx_word' id='word_1_99' title='bbox 1067 1690 1278 1740; x_wconf 82' lang='lat' dir='ltr'>vacare,</span> <span class='ocrx_word' id='word_1_100' title='bbox 1332 1675 1394 1724; x_wconf 92' lang='lat' dir='ltr'>ut</span> <span class='ocrx_word' id='word_1_101' title='bbox 1452 1672 1615 1724; x_wconf 85' lang='lat' dir='ltr'>etiam</span> <span class='ocrx_word' id='word_1_102' title='bbox 1661 1691 1829 1725; x_wconf 84' lang='lat' dir='ltr'>novus</span> 
     </span>
     <span class='ocr_line' id='line_1_20' title="bbox 140 1742 1830 1819; baseline -0.001 -21"><span class='ocrx_word' id='word_1_103' title='bbox 140 1746 358 1814; x_wconf 87' lang='lat' dir='ltr'>quidam</span> <span class='ocrx_word' id='word_1_104' title='bbox 413 1745 756 1814; x_wconf 76' lang='lat' dir='ltr'>AmbrosiUS,</span> <span class='ocrx_word' id='word_1_105' title='bbox 815 1746 1064 1817; x_wconf 87' lang='lat' dir='ltr'>Origenis</span> <span class='ocrx_word' id='word_1_106' title='bbox 1127 1742 1495 1819; x_wconf 61' lang='grc' dir='ltr'><strong><em>ἐργοὸιοῆκτης</em></strong></span> <span class='ocrx_word' id='word_1_107' title='bbox 1547 1746 1830 1798; x_wconf 87' lang='lat' dir='ltr'>videretur.</span> 
     </span>
     <span class='ocr_line' id='line_1_21' title="bbox 138 1818 1829 1890; baseline -0.001 -18"><span class='ocrx_word' id='word_1_108' title='bbox 138 1818 295 1872; x_wconf 89' lang='lat' dir='ltr'>Unde</span> <span class='ocrx_word' id='word_1_109' title='bbox 343 1822 397 1872; x_wconf 87' lang='lat' dir='ltr'>et</span> <span class='ocrx_word' id='word_1_110' title='bbox 434 1821 632 1872; x_wconf 89' lang='lat' dir='ltr'>multas</span> <span class='ocrx_word' id='word_1_111' title='bbox 681 1821 748 1873; x_wconf 89' lang='lat' dir='ltr'>ad</span> <span class='ocrx_word' id='word_1_112' title='bbox 787 1821 901 1873; x_wconf 89' lang='lat' dir='ltr'>eius</span> <span class='ocrx_word' id='word_1_113' title='bbox 940 1839 1228 1890; x_wconf 86' lang='lat' dir='ltr'>personam</span> <span class='ocrx_word' id='word_1_114' title='bbox 1276 1819 1508 1872; x_wconf 86' lang='lat' dir='ltr'>absolvit</span> <span class='ocrx_word' id='word_1_115' title='bbox 1546 1820 1829 1888; x_wconf 90' lang='lat' dir='ltr'>scriptura-</span> 
     </span>
     <span class='ocr_line' id='line_1_22' title="bbox 138 1892 1830 1962; baseline 0.001 -18"><span class='ocrx_word' id='word_1_116' title='bbox 138 1911 259 1945; x_wconf 91' lang='lat' dir='ltr'>rum</span> <span class='ocrx_word' id='word_1_117' title='bbox 293 1894 647 1962; x_wconf 76' lang='lat' dir='ltr'>quaestiones,</span> <span class='ocrx_word' id='word_1_118' title='bbox 715 1893 819 1947; x_wconf 84' lang='lat' dir='ltr'>Est</span> <span class='ocrx_word' id='word_1_119' title='bbox 855 1897 910 1947; x_wconf 90' lang='lat' dir='ltr'>et</span> <span class='ocrx_word' id='word_1_120' title='bbox 941 1895 1053 1947; x_wconf 87' lang='lat' dir='ltr'>eius</span> <span class='ocrx_word' id='word_1_121' title='bbox 1087 1894 1318 1962; x_wconf 88' lang='lat' dir='ltr'>epistula</span> <span class='ocrx_word' id='word_1_122' title='bbox 1349 1892 1830 1961; x_wconf 76' lang='lat' dir='ltr'>‘propositionum&#39;,</span> 
     </span>
     <span class='ocr_line' id='line_1_23' title="bbox 137 1967 1830 2037; baseline 0 -19"><span class='ocrx_word' id='word_1_123' title='bbox 137 1967 195 2018; x_wconf 91' lang='lat' dir='ltr'>in</span> <span class='ocrx_word' id='word_1_124' title='bbox 235 1986 339 2036; x_wconf 91' lang='lat' dir='ltr'>qua</span> <span class='ocrx_word' id='word_1_125' title='bbox 386 1968 772 2037; x_wconf 83' lang='lat' dir='ltr'>interrogando</span> <span class='ocrx_word' id='word_1_126' title='bbox 815 1969 968 2037; x_wconf 87' lang='lat' dir='ltr'>quasi</span> <span class='ocrx_word' id='word_1_127' title='bbox 1007 1968 1291 2020; x_wconf 81' lang='lat' dir='ltr'>disciturus</span> <span class='ocrx_word' id='word_1_128' title='bbox 1343 1967 1497 2020; x_wconf 88' lang='lat' dir='ltr'>docet</span> <span class='ocrx_word' id='word_1_129' title='bbox 1536 1967 1830 2019; x_wconf 89' lang='lat' dir='ltr'>docturum.</span> 
     </span>
    </p>
   </div>
   <div class='ocr_carea' id='block_1_7' title="bbox 693 2118 1270 2194">
    <p class='ocr_par' dir='ltr' id='par_1_7' title="bbox 693 2118 1270 2194">
     <span class='ocr_line' id='line_1_24' title="bbox 693 2118 1270 2194; baseline -0.002 -17"><span class='ocrx_word' id='word_1_130' title='bbox 693 2119 828 2194; x_wconf 65' lang='lat' dir='ltr'>cap.</span> <span class='ocrx_word' id='word_1_131' title='bbox 882 2119 1083 2176; x_wconf 87' lang='lat' dir='ltr'>XXX</span> <span class='ocrx_word' id='word_1_132' title='bbox 1093 2118 1270 2177; x_wconf 86' lang='lat' dir='ltr'><strong><em>VIII.</em></strong></span> 
     </span>
    </p>
   </div>
   <div class='ocr_carea' id='block_1_8' title="bbox 137 2230 1828 2451">
    <p class='ocr_par' dir='ltr' id='par_1_8' title="bbox 137 2230 1828 2451">
     <span class='ocr_line' id='line_1_25' title="bbox 286 2230 1828 2303; baseline -0.001 -20"><span class='ocrx_word' id='word_1_133' title='bbox 286 2231 519 2302; x_wconf 86' lang='lat' dir='ltr'>Vigilius</span> <span class='ocrx_word' id='word_1_134' title='bbox 574 2233 855 2303; x_wconf 89' lang='lat' dir='ltr'>episcopus</span> <span class='ocrx_word' id='word_1_135' title='bbox 911 2233 1126 2302; x_wconf 85' lang='lat' dir='ltr'>scripsit</span> <span class='ocrx_word' id='word_1_136' title='bbox 1181 2233 1248 2285; x_wconf 92' lang='lat' dir='ltr'>ad</span> <span class='ocrx_word' id='word_1_137' title='bbox 1303 2233 1591 2301; x_wconf 88' lang='lat' dir='ltr'>quendam.</span> <span class='ocrx_word' id='word_1_138' title='bbox 1617 2230 1828 2299; x_wconf 84' lang='lat' dir='ltr'>Simpli-</span> 
     </span>
     <span class='ocr_line' id='line_1_26' title="bbox 137 2305 1828 2376; baseline -0.002 -18"><span class='ocrx_word' id='word_1_139' title='bbox 137 2307 352 2358; x_wconf 88' lang='lat' dir='ltr'>cianum</span> <span class='ocrx_word' id='word_1_140' title='bbox 398 2305 476 2359; x_wconf 69' lang='lat' dir='ltr'>&lt;in</span> <span class='ocrx_word' id='word_1_141' title='bbox 521 2307 735 2360; x_wconf 90' lang='lat' dir='ltr'>laudem</span> <span class='ocrx_word' id='word_1_142' title='bbox 781 2306 1097 2376; x_wconf 87' lang='lat' dir='ltr'>martyrum&#39;</span> <span class='ocrx_word' id='word_1_143' title='bbox 1145 2307 1387 2359; x_wconf 88' lang='lat' dir='ltr'>libellum</span> <span class='ocrx_word' id='word_1_144' title='bbox 1442 2309 1496 2358; x_wconf 92' lang='lat' dir='ltr'>et</span> <span class='ocrx_word' id='word_1_145' title='bbox 1545 2305 1828 2373; x_wconf 89' lang='lat' dir='ltr'>epistulam</span> 
     </span>
     <span class='ocr_line' id='line_1_27' title="bbox 138 2380 1828 2451; baseline -0.002 -19"><span class='ocrx_word' id='word_1_146' title='bbox 138 2380 504 2433; x_wconf 89' lang='lat' dir='ltr'>continentem</span> <span class='ocrx_word' id='word_1_147' title='bbox 530 2384 686 2451; x_wconf 86' lang='lat' dir='ltr'>gesta</span> <span class='ocrx_word' id='word_1_148' title='bbox 703 2381 785 2435; x_wconf 92' lang='lat' dir='ltr'>sui</span> <span class='ocrx_word' id='word_1_149' title='bbox 801 2381 1061 2450; x_wconf 88' lang='lat' dir='ltr'>temporis</span> <span class='ocrx_word' id='word_1_150' title='bbox 1081 2381 1222 2450; x_wconf 92' lang='lat' dir='ltr'>apud</span> <span class='ocrx_word' id='word_1_151' title='bbox 1238 2380 1497 2432; x_wconf 88' lang='lat' dir='ltr'>barbaros</span> <span class='ocrx_word' id='word_1_152' title='bbox 1515 2381 1828 2447; x_wconf 83' lang='lat' dir='ltr'>martyrum.</span> 
     </span>
    </p>
   </div>
   <div class='ocr_carea' id='block_1_9' title="bbox 137 2492 1828 2895">
    <p class='ocr_par' dir='ltr' id='par_1_9' title="bbox 137 2492 1828 2895">
     <span class='ocr_line' id='line_1_28' title="bbox 257 2492 1827 2552; baseline -0.003 -13"><span class='ocrx_word' id='word_1_153' title='bbox 257 2501 283 2540; x_wconf 89' lang='lat'><strong>3</strong></span> <span class='ocrx_word' id='word_1_154' title='bbox 327 2495 509 2541; x_wconf 88' lang='lat' dir='ltr'>Bamb.:</span> <span class='ocrx_word' id='word_1_155' title='bbox 558 2497 870 2542; x_wconf 87' lang='lat' dir='ltr'>constantiam</span> <span class='ocrx_word' id='word_1_156' title='bbox 916 2496 1090 2541; x_wconf 85' lang='lat' dir='ltr'>virtute</span> <span class='ocrx_word' id='word_1_157' title='bbox 1138 2495 1402 2552; x_wconf 82' lang='lat' dir='ltr'>indeptam3</span> <span class='ocrx_word' id='word_1_158' title='bbox 1448 2492 1679 2538; x_wconf 60' lang='lat' dir='ltr'>Norimh:</span> <span class='ocrx_word' id='word_1_159' title='bbox 1721 2505 1827 2535; x_wconf 78' lang='lat' dir='ltr'>con-</span> 
     </span>
     <span class='ocr_line' id='line_1_29' title="bbox 138 2550 1826 2611; baseline -0.002 -13"><span class='ocrx_word' id='word_1_160' title='bbox 138 2555 362 2600; x_wconf 84' lang='lat' dir='ltr'>stantiam</span> <span class='ocrx_word' id='word_1_161' title='bbox 385 2556 559 2600; x_wconf 85' lang='lat' dir='ltr'>virtute</span> <span class='ocrx_word' id='word_1_162' title='bbox 584 2557 748 2611; x_wconf 88' lang='lat' dir='ltr'>crucis,</span> <span class='ocrx_word' id='word_1_163' title='bbox 778 2556 888 2600; x_wconf 90' lang='lat' dir='ltr'>fidei</span> <span class='ocrx_word' id='word_1_164' title='bbox 920 2555 1094 2599; x_wconf 88' lang='lat' dir='ltr'>virtute</span> <span class='ocrx_word' id='word_1_165' title='bbox 1119 2555 1408 2611; x_wconf 89' lang='lat' dir='ltr'>indemptam</span> <span class='ocrx_word' id='word_1_166' title='bbox 1529 2558 1554 2596; x_wconf 88' lang='lat'>8</span> <span class='ocrx_word' id='word_1_167' title='bbox 1580 2550 1826 2596; x_wconf 87' lang='lat' dir='ltr'>vocabula:</span> 
     </span>
     <span class='ocr_line' id='line_1_30' title="bbox 138 2610 1825 2672; baseline -0.003 -15"><span class='ocrx_word' id='word_1_168' title='bbox 138 2614 238 2658; x_wconf 91' lang='lat' dir='ltr'>zelo</span> <span class='ocrx_word' id='word_1_169' title='bbox 272 2641 327 2647; x_wconf 95' lang='lat'><strong>—</strong></span> <span class='ocrx_word' id='word_1_170' title='bbox 360 2615 613 2672; x_wconf 83' lang='lat' dir='ltr'>religionis,</span> <span class='ocrx_word' id='word_1_171' title='bbox 648 2616 816 2659; x_wconf 86' lang='lat' dir='ltr'>desunt</span> <span class='ocrx_word' id='word_1_172' title='bbox 844 2615 894 2658; x_wconf 92' lang='lat' dir='ltr'>in</span> <span class='ocrx_word' id='word_1_173' title='bbox 924 2613 1134 2660; x_wconf 87' lang='lat' dir='ltr'>Norimb.</span> <span class='ocrx_word' id='word_1_174' title='bbox 1310 2618 1367 2656; x_wconf 86' lang='lat'>14</span> <span class='ocrx_word' id='word_1_175' title='bbox 1397 2611 1556 2656; x_wconf 88' lang='lat' dir='ltr'>Bamb.</span> <span class='ocrx_word' id='word_1_176' title='bbox 1592 2613 1638 2654; x_wconf 88' lang='lat' dir='ltr'>et</span> <span class='ocrx_word' id='word_1_177' title='bbox 1670 2610 1825 2653; x_wconf 84' lang='lat' dir='ltr'>Bern.:</span> 
     </span>
     <span class='ocr_line' id='line_1_31' title="bbox 138 2668 1735 2735; baseline -0.004 -18"><span class='ocrx_word' id='word_1_178' title='bbox 138 2674 428 2729; x_wconf 88' lang='lat' dir='ltr'>exponentur</span> <span class='ocrx_word' id='word_1_179' title='bbox 549 2674 677 2718; x_wconf 82' lang='lat' dir='ltr'>Haec</span> <span class='ocrx_word' id='word_1_180' title='bbox 707 2673 850 2718; x_wconf 86' lang='lat' dir='ltr'>verba</span> <span class='ocrx_word' id='word_1_181' title='bbox 882 2673 1049 2718; x_wconf 86' lang='lat' dir='ltr'>desunt</span> <span class='ocrx_word' id='word_1_182' title='bbox 1078 2672 1127 2717; x_wconf 92' lang='lat' dir='ltr'>in</span> <span class='ocrx_word' id='word_1_183' title='bbox 1156 2673 1263 2716; x_wconf 90' lang='lat' dir='ltr'>Vat.</span> <span class='ocrx_word' id='word_1_184' title='bbox 1298 2674 1346 2715; x_wconf 93' lang='lat' dir='ltr'>et</span> <span class='ocrx_word' id='word_1_185' title='bbox 1375 2671 1425 2714; x_wconf 94' lang='lat' dir='ltr'>in</span> <span class='ocrx_word' id='word_1_186' title='bbox 1455 2668 1662 2735; x_wconf 59' lang='lat' dir='ltr'>Norimb3</span> <span class='ocrx_word' id='word_1_187' title='bbox 1727 2726 1735 2734; x_wconf 31' lang='lat'>⁸</span> 
     </span>
     <span class='ocr_line' id='line_1_32' title="bbox 142 2726 1828 2794; baseline -0.004 -18"><span class='ocrx_word' id='word_1_188' title='bbox 142 2737 195 2776; x_wconf 88' lang='grc'>16</span> <span class='ocrx_word' id='word_1_189' title='bbox 221 2731 451 2778; x_wconf 85' lang='lat' dir='ltr'>Norimb.:</span> <span class='ocrx_word' id='word_1_190' title='bbox 478 2733 618 2789; x_wconf 89' lang='lat' dir='ltr'>episc.</span> <span class='ocrx_word' id='word_1_191' title='bbox 643 2731 1003 2777; x_wconf 85' lang='lat' dir='ltr'>Mediolanensis</span> <span class='ocrx_word' id='word_1_192' title='bbox 1126 2736 1179 2775; x_wconf 90' lang='grc'>18</span> <span class='ocrx_word' id='word_1_193' title='bbox 1204 2729 1436 2775; x_wconf 83' lang='lat' dir='ltr'>Norimb.:</span> <span class='ocrx_word' id='word_1_194' title='bbox 1461 2726 1828 2794; x_wconf 61' lang='lat' dir='ltr'>expomtionibus</span> 
     </span>
     <span class='ocr_line' id='line_1_33' title="bbox 138 2786 1826 2848; baseline -0.004 -15"><span class='ocrx_word' id='word_1_195' title='bbox 138 2795 192 2834; x_wconf 82' lang='lat'>21</span> <span class='ocrx_word' id='word_1_196' title='bbox 226 2791 356 2835; x_wconf 85' lang='lat' dir='ltr'>Vat.:</span> <span class='ocrx_word' id='word_1_197' title='bbox 387 2793 443 2836; x_wconf 92' lang='lat' dir='ltr'>ut</span> <span class='ocrx_word' id='word_1_198' title='bbox 473 2793 545 2836; x_wconf 84' lang='lat' dir='ltr'>est</span> <span class='ocrx_word' id='word_1_199' title='bbox 575 2792 672 2836; x_wconf 92' lang='lat' dir='ltr'>eius</span> <span class='ocrx_word' id='word_1_200' title='bbox 705 2791 905 2848; x_wconf 86' lang='lat' dir='ltr'>epistula</span> <span class='ocrx_word' id='word_1_201' title='bbox 1025 2796 1080 2835; x_wconf 81' lang='lat'>22</span> <span class='ocrx_word' id='word_1_202' title='bbox 1114 2789 1298 2834; x_wconf 85' lang='lat' dir='ltr'>Bamb.:</span> <span class='ocrx_word' id='word_1_203' title='bbox 1330 2786 1658 2843; x_wconf 85' lang='lat' dir='ltr'>interrogando</span> <span class='ocrx_word' id='word_1_204' title='bbox 1691 2786 1826 2828; x_wconf 80' lang='lat' dir='ltr'>d1sci-</span> 
     </span>
     <span class='ocr_line' id='line_1_34' title="bbox 137 2850 732 2895; baseline 0.002 -2"><span class='ocrx_word' id='word_1_205' title='bbox 137 2851 269 2894; x_wconf 88' lang='lat' dir='ltr'>turus</span> <span class='ocrx_word' id='word_1_206' title='bbox 302 2850 440 2895; x_wconf 91' lang='lat' dir='ltr'>docet</span> <span class='ocrx_word' id='word_1_207' title='bbox 471 2850 732 2895; x_wconf 87' lang='lat' dir='ltr'>doctrinam</span> 
     </span>
    </p>
   </div>
   <div class='ocr_carea' id='block_1_10' title="bbox 1865 620 1890 658">
    <p class='ocr_par' dir='ltr' id='par_1_10' title="bbox 1865 620 1890 658">
     <span class='ocr_line' id='line_1_35' title="bbox 1865 620 1890 658; baseline 0 0"><span class='ocrx_word' id='word_1_208' title='bbox 1865 620 1890 658; x_wconf 87' lang='lat'>5</span> 
     </span>
    </p>
   </div>
   <div class='ocr_carea' id='block_1_11' title="bbox 1865 1031 1920 1070">
    <p class='ocr_par' dir='ltr' id='par_1_11' title="bbox 1865 1031 1920 1070">
     <span class='ocr_line' id='line_1_36' title="bbox 1865 1031 1920 1070; baseline 0.018 -1"><span class='ocrx_word' id='word_1_209' title='bbox 1865 1031 1920 1070; x_wconf 84' lang='lat'>10</span> 
     </span>
    </p>
   </div>
   <div class='ocr_carea' id='block_1_12' title="bbox 1867 1435 1919 1474">
    <p class='ocr_par' dir='ltr' id='par_1_12' title="bbox 1867 1435 1919 1474">
     <span class='ocr_line' id='line_1_37' title="bbox 1867 1435 1919 1474; baseline 0 0"><span class='ocrx_word' id='word_1_210' title='bbox 1867 1435 1919 1474; x_wconf 87' lang='lat'>15</span> 
     </span>
    </p>
   </div>
   <div class='ocr_carea' id='block_1_13' title="bbox 1861 1839 1918 1879">
    <p class='ocr_par' dir='ltr' id='par_1_13' title="bbox 1861 1839 1918 1879">
     <span class='ocr_line' id='line_1_38' title="bbox 1861 1839 1918 1879; baseline 0.035 -2"><span class='ocrx_word' id='word_1_211' title='bbox 1861 1839 1918 1879; x_wconf 80' lang='lat'>20</span> 
     </span>
    </p>
   </div>
   <div class='ocr_carea' id='block_1_14' title="bbox 1860 2321 1917 2359">
    <p class='ocr_par' dir='ltr' id='par_1_14' title="bbox 1860 2321 1917 2359">
     <span class='ocr_line' id='line_1_39' title="bbox 1860 2321 1917 2359; baseline 0 0"><span class='ocrx_word' id='word_1_212' title='bbox 1860 2321 1917 2359; x_wconf 77' lang='lat'>25</span> 
     </span>
    </p>
   </div>
  </div>
 </body>
</html>
