1974 3192
889 193 1207 243 *2-

207 311 374 364 fuerit
413 314 466 362 et
506 309 839 379 singulorum
880 308 943 360 de
992 308 1187 377 quibus
1228 309 1479 377 scripturi
1521 327 1704 361 sumus
1743 309 1896 362 volu-

209 386 358 437 mina
397 385 600 435 aetates
641 385 918 434 auctorum
960 399 1179 434 suorum
1218 399 1378 450 saepe
1416 384 1699 435 testentur.

355 457 544 525 Itaque
568 455 860 508 Dominum
894 455 1075 507 Iesum
1101 453 1375 508 Christum
1406 473 1609 524 precor,
1639 458 1713 525 ut,
1752 456 1894 525 quod

212 530 395 584 Cicero
435 533 561 582 tuus
569 571 584 597 ,
633 529 724 597 qui
771 529 829 580 in
877 547 996 581 arce
1036 528 1314 580 Romanae
1354 529 1691 597 eloquentiae
1732 529 1897 598 stetit,

151 619 177 658 5
208 622 321 656 non
362 606 443 656 est
480 603 656 656 facere
696 602 1014 672 dedignatus
1053 602 1112 654 in
1151 602 1322 655 Bruto
1364 606 1639 655 oratorum
1678 603 1898 673 linguae

208 677 410 730 latinae
442 679 628 729 texens
661 676 992 746 catalogum,
1024 676 1079 728 id
1112 692 1213 744 ego
1246 677 1303 728 in
1334 676 1589 729 ecclesiae
1622 677 1735 729 eius
1769 677 1895 730 scri-

207 751 453 819 ptoribus
496 750 871 802 enumerandis
904 749 1065 819 digne
1099 750 1470 803 cohortatione
1502 752 1598 802 tua
1627 749 1900 819 impleam.

210 823 267 876 Si
307 824 397 892 qui
437 826 617 876 autem
657 823 720 876 de
759 823 844 876 his
885 824 974 893 qui
1009 841 1174 892 usque
1206 823 1367 876 hodie
1401 823 1710 892 scriptitant
1741 843 1772 876 a
1809 842 1898 876 me

207 899 266 950 in
303 898 407 951 hoc
453 898 725 950 volumine
771 898 1139 965 praetermissi
1179 900 1326 965 sunt,
1379 898 1483 950 sibi
1521 898 1695 967 magis
1737 916 1898 967 quam

126 986 182 1026 10
215 972 350 1024 mihi
388 972 655 1039 imputare
695 970 978 1024 debebunt.

356 1043 543 1114 Neque
585 1045 727 1097 enim
759 1046 994 1098 celantes
1028 1045 1226 1113 scripta
1258 1063 1355 1097 sua
1387 1045 1450 1097 de
1480 1043 1583 1114 his,
1615 1062 1751 1113 quae
1782 1063 1896 1098 non

207 1119 341 1188 legi,
379 1137 540 1172 nosse
579 1118 755 1188 potui,
795 1122 848 1170 et
888 1119 1030 1188 quod
1069 1119 1189 1170 aliis
1235 1118 1470 1171 forsitan
1507 1121 1721 1186 notum,
1759 1119 1895 1171 mihi

207 1194 265 1244 in
310 1193 413 1245 hoc
462 1195 728 1245 terrarum
777 1192 975 1263 angulo
1027 1192 1191 1244 fuerit
1237 1192 1500 1262 ignotum.
1578 1191 1734 1246 Certe
1774 1210 1895 1245 cum

210 1267 423 1334 scriptis
442 1311 445 1313 ,
465 1267 574 1318 suis
615 1265 924 1335 claruerint,
961 1284 1072 1319 non
1109 1283 1436 1336 magnopere
1475 1266 1652 1319 nostri
1691 1267 1896 1319 silentii

122 1354 176 1393 15
209 1340 489 1409 dispendia
529 1340 891 1408 suspirabunt.

354 1413 584 1467 Discant
621 1414 788 1483 igitur
821 1412 1024 1483 Celsus,
1054 1413 1404 1482 PorphyriuS,
1435 1412 1695 1482 IulianUS,
1718 1414 1896 1467 rabidi

208 1487 463 1540 adversus
497 1486 773 1540 Christum
805 1506 987 1557 caneS,
1019 1488 1230 1540 discant
1261 1490 1552 1540 sectatores
1586 1505 1770 1541 eorum
1803 1488 1894 1556 qui

207 1563 400 1630 putant
430 1561 712 1614 ecclesiam
742 1562 922 1615 nullos
953 1561 1309 1631 philosophos
1343 1565 1396 1614 et
1428 1562 1752 1631 eloquen'teS,
1776 1563 1898 1614 nul-

209 1636 290 1688 los
330 1635 585 1688 habuisse
625 1636 893 1704 doctoreS,
943 1636 1134 1706 quanti
1181 1639 1235 1688 et
1275 1636 1460 1705 quales
1499 1635 1602 1688 viri
1639 1636 1896 1689 fundave-

121 1723 177 1762 20
210 1709 322 1761 rint
370 1710 732 1762 exstruxerint
778 1710 1159 1764 adornaverint
1208 1712 1262 1762 et
1308 1710 1559 1763 desinant
1603 1710 1764 1763 fidem
1805 1729 1898 1763 no-

209 1786 376 1835 stram
415 1783 649 1836 rusticae
687 1786 900 1836 tantum
941 1784 1303 1853 simplicitatis
1344 1801 1595 1854 arguere,
1635 1801 1894 1854 suamque

207 1857 389 1925 potius
429 1857 757 1926 imperitiam
797 1861 1141 1928 cognoscant.

354 1930 490 1984 Vale
527 1932 585 1983 in
623 1929 859 1984 Domino
898 1931 1020 1985 Iesu
1060 1930 1292 1985 ChristO.

759 2113 1072 2175 Incipiunt
1111 2114 1343 2164 breves,

119 2252 174 2292 25
613 2232 651 2280 I.
731 2231 900 2282 Simon
938 2233 1136 2283 Petrus.

611 2306 676 2355 H.
751 2306 962 2355 Iacobus
1000 2307 1158 2355 frater
1195 2306 1408 2354 Domini.

613 2380 704 2429 ΙΙΙ.
782 2381 1075 2429 Matthaeus
1115 2380 1200 2443 qui
1239 2382 1292 2428 et
1329 2379 1466 2429 Levi.

612 2454 698 2503 IV.
774 2454 924 2502 Iudas
964 2455 1121 2503 frater
1158 2454 1342 2502 Iacobi.

615 2527 676 2577 V.
752 2527 939 2576 Paulus
981 2529 1066 2590 qui
1105 2531 1222 2576 ante
1262 2527 1457 2576 Saulus.

326 2673 351 2712 3
384 2667 514 2712 Van:
548 2667 798 2712 Dominum
830 2669 1003 2724 Iesum3
1043 2668 1204 2714 Bamb.
1245 2669 1294 2712 et
1325 2668 1481 2712 Bern.:
1524 2667 1566 2712 d.
1607 2669 1817 2713 nostrum
1853 2669 1895 2714 J.

207 2725 336 2781 Chr.;
371 2726 608 2772 Norimb.:
640 2727 892 2772 Dominum
924 2741 1079 2772 meum
1109 2728 1144 2771 Ι.
1179 2727 1285 2772 Chr.
1406 2731 1434 2770 4
1465 2726 1699 2772 Norimb.:
1733 2730 1833 2772 arte

207 2791 261 2830 13
294 2786 427 2831 Van:
458 2785 749 2844 incognitum
849 2791 904 2830 20
937 2787 1099 2832 Bamb.
1133 2788 1181 2832 et
1209 2786 1345 2831 Bern.
1379 2787 1427 2830 et
1456 2784 1685 2832 Norimb.:
1721 2786 1894 2831 instru-

204 2843 357 2890 xerint
435 2849 490 2890 22
522 2846 682 2891 Bamb.
711 2847 758 2889 et
779 2845 915 2890 Bern.
942 2847 990 2891 et
1013 2846 1244 2892 Norimb.:
1275 2849 1612 2903 recognoscant
1689 2850 1742 2890 23
1774 2845 1893 2890 haec

206 2903 430 2949 salutatio
464 2904 598 2950 deest
627 2903 676 2949 in
706 2903 870 2950 Bamb.
