1974 3192
859 202 1224 254 ...42-

202 321 292 389 qui
347 337 506 388 super
551 318 736 372 eodem
790 319 991 387 pascha
1045 317 1225 372 decem
1272 321 1326 371 et
1377 337 1572 372 novem
1626 337 1890 373 annorum

202 394 474 460 circulum,
512 392 566 444 id
599 394 693 459 est,
733 390 1352 460 ἐννεακαιδεκαετηρίὸα
1382 393 1701 462 composuit,
1739 410 1892 446 occa·

201 468 409 520 sionem
434 465 593 518 dedit.
656 463 879 535 Scripsit
901 466 1187 518 nonnullos
1218 466 1276 518 in
1307 466 1599 534 scripturas
1623 483 1890 520 commen-

198 540 390 606 tariOS,
452 558 479 591 e
535 539 729 607 quibus
784 540 918 593 haec
971 539 1204 608 repperi:
1268 539 1327 591 in
1379 538 1772 608 Hexaemeron,
1833 540 1893 594 in

114 627 139 667 5
202 612 471 681 Exodum,
525 613 582 664 in
637 611 918 666 Canticum
966 611 1333 681 Canticorum,
1385 612 1443 664 in
1499 611 1774 682 Genesim,
1834 614 1894 667 in

201 685 537 754 Zachariam,
591 685 655 739 de
701 686 955 754 Psalmis,
1008 687 1067 738 in
1112 686 1355 754 Esaiam,
1410 686 1473 739 de
1525 686 1774 755 Daniele,
1828 687 1893 740 de

200 760 549 829 Apocalypsi,
590 758 652 812 de
690 759 1014 827 ProverbiiS,
1054 759 1117 812 de
1155 759 1500 826 Ecclesiaste,
1540 761 1604 812 de
1644 758 1787 829 Saul,
1825 761 1890 814 de

201 833 503 902 Pytonissa,
529 833 592 886 de
611 833 963 902 AntichristO,
988 832 1071 886 ‘de
1095 832 1523 903 resurrectione',
1547 836 1735 887 contra
1750 833 1892 888 Mar-

202 908 426 977 cionem,
467 906 550 959 ‘de
588 907 827 976 pascha',
867 907 1141 960 ‘adversus
1176 926 1361 961 omnes
1393 906 1626 960 hereses'
1653 911 1706 960 et
1734 924 1894 977 προς-

114 996 168 1035 10
203 983 442 1050 ομιλίαν,
475 980 558 1033 ‘de
590 981 749 1034 laude
783 981 1006 1034 Domini
1042 979 1374 1050 Salvatoris',
1397 981 1455 1034 in
1479 1000 1584 1051 qua
1608 984 1891 1050 praesente

202 1054 433 1125 Origene
481 1073 536 1108 se
583 1056 731 1124 loqui
770 1056 827 1107 in
867 1055 1091 1108 ecclesia
1139 1055 1421 1125 significat.
1499 1054 1674 1108 Huius
1715 1073 1893 1108 aemu-

199 1129 403 1182 latione
428 1127 764 1198 AmbrosiUS,
806 1146 962 1198 quem
995 1128 1058 1181 de
1082 1127 1373 1185 Marcionis
1407 1128 1586 1182 heresi
1619 1129 1686 1181 ad
1710 1146 1893 1182 veram

201 1203 362 1255 fidem
416 1205 712 1256 correctum
767 1202 1019 1272 diximus,
1080 1201 1394 1257 cohortatus
1458 1206 1542 1254 est
1608 1201 1895 1273 Origenem

200 1278 258 1330 in
283 1277 573 1345 scripturas
599 1276 1012 1329 commentarios
1038 1276 1285 1340 scribere,
1317 1275 1579 1345 praebens
1605 1276 1654 1328 ei
1687 1279 1894 1345 septem

117 1362 169 1405 15
203 1353 257 1403 et
297 1369 358 1403 eo
391 1351 620 1419 amplius
659 1351 900 1403 notarios
933 1368 1223 1420 eorumque
1256 1367 1516 1419 expensas
1558 1353 1613 1403 et
1650 1350 1894 1403 librario-

203 1443 322 1476 rum
370 1442 553 1493 parem
591 1442 897 1493 numerum,
946 1424 1192 1494 quodque
1238 1423 1324 1476 his
1364 1424 1534 1476 maius
1574 1427 1676 1492 est,
1725 1425 1895 1477 incre-

203 1498 355 1550 dibili
395 1498 573 1550 studio
613 1498 833 1550 cottidie
867 1499 934 1551 ab
975 1515 1037 1551 eo
1078 1517 1212 1566 opus
1246 1497 1480 1567 exigens.
1551 1497 1706 1551 Unde
1746 1500 1800 1551 et
1838 1499 1896 1550 in

204 1571 436 1640 quadam
476 1572 706 1640 epistula
745 1571 1121 1641 ἐργοδιεόκτην
1151 1590 1273 1624 eum
1313 1570 1574 1642 Origenes
1615 1574 1788 1625 vocat.

799 1688 807 1693 ’
854 1723 990 1798 cap.
1039 1722 1254 1780 LXII.

114 1844 170 1883 20
350 1836 673 1906 Alexander,
712 1837 994 1907 episcopus
1034 1835 1429 1907 Cappadociae,
1470 1855 1591 1890 cum
1631 1836 1895 1892 desiderio

205 1914 512 1964 sanctorum
536 1912 776 1964 locorum
792 1910 1228 1980 Hierosolymam
1245 1913 1495 1981 pergeret
1520 1914 1575 1964 et
1596 1910 1898 1979 Narcissus,

205 1985 487 2054 episcopus
529 1985 767 2039 eiusdem
804 1986 956 2038 urbis
994 1986 1104 2038 iam
1145 2002 1307 2037 senex
1345 1987 1558 2055 regeret
1599 1985 1899 2052 ecclesiam,

204 2062 258 2111 et
303 2057 558 2112 Narcisso
606 2061 658 2111 et
705 2059 889 2111 multis
937 2059 1251 2112 clericorum
1299 2059 1410 2111 eius
1458 2059 1754 2112 revelatum
1802 2061 1900 2126 est,

210 2133 380 2184 altera
419 2132 504 2184 die
534 2151 692 2185 mane
731 2133 935 2185 intrare
968 2133 1293 2201 episcopum,
1333 2132 1425 2201 qui
1465 2132 1679 2186 adiutor
1717 2131 1904 2186 cathe-,

120 2211 175 2253 25
208 2206 332 2259 drae
367 2206 713 2259 sacerdotalis
746 2224 862 2259 esse
902 2205 1129 2259 deberet.
1198 2206 1389 2275 Itaque
1420 2224 1477 2259 re
1516 2206 1594 2259 ita
1633 2207 1902 2274 completa

205 2283 267 2331 ut
312 2279 584 2348 praedicta
630 2279 827 2348 fuerat,
882 2281 1088 2333 cunctis
1136 2278 1479 2332 Palaestinae
1526 2279 1793 2348 episcopis
1841 2280 1900 2332 in

210 2371 376 2406 unum
415 2354 774 2424 congregatis,
814 2355 1093 2407 annitente
1133 2354 1251 2422 ipso
1292 2371 1501 2423 quoque
1540 2354 1627 2407 vel
1664 2353 1897 2406 maxime

204 2425 488 2495 Narcisso,
539 2426 1069 2496 Hierosolymitanae
1116 2428 1371 2481 ecclesiae
1426 2445 1548 2480 cum
1597 2445 1659 2480 eo
1708 2427 1900 2497 guber-

205 2501 456 2554 naculum
512 2502 759 2570 suscepit.
851 2501 957 2554 Hic
1010 2503 1068 2554 in
1129 2501 1233 2554 fine
1287 2500 1564 2554 cuiusdam
1621 2500 1898 2569 epistulae,

117 2586 174 2626 30
206 2592 368 2643 quam
416 2575 603 2627 scribit
649 2574 717 2627 ad
754 2575 1068 2628 Antinoitas
1117 2593 1277 2643 super
1322 2593 1454 2643 pace
1493 2574 1763 2639 ecclesiae,
1802 2574 1900 2628 ait:

208 2647 430 2701 ‘salutat
467 2666 563 2701 vos
595 2647 896 2717 NarcissuS‚
936 2649 1028 2718 qui
1067 2651 1193 2702 ante
1232 2666 1317 2701 me
1348 2648 1436 2702 hic
1473 2648 1650 2702 tenuit
1689 2647 1895 2716 episco—

206 2722 382 2790 palem
416 2723 592 2775 locum
625 2725 678 2775 et
715 2741 857 2775 nunc
881 2740 1091 2777 mecum
1118 2722 1344 2775 eundem
1377 2722 1713 2775 orationibus
1745 2721 1900 2791 regit,

327 2858 351 2897 7
383 2853 466 2899 al.=
499 2854 547 2897 et
669 2857 719 2896 11
747 2851 910 2896 Bamb.
943 2854 991 2897 et
1020 2852 1252 2897 Norimb.:
1284 2851 1333 2896 in
1362 2851 1500 2896 huius
1533 2851 1898 2897 aemulationem

207 2916 264 2955 30
295 2911 423 2957 Vat.:
456 2910 743 2966 Antionitas3
776 2911 953 2957 bamb:
987 2911 1325 2957 Antiochenses
