1974 3192
802 150 1163 202 -21—

119 287 287 338 ‚quae
326 268 460 320 mihi
499 269 629 320 sunt
666 269 1043 336 praeparatae,
1083 285 1216 336 quas
1257 270 1311 321 et
1342 286 1436 321 oro
1475 268 1683 321 veloces
1715 285 1831 321 esse

149 342 282 395 mihi
313 342 380 395 ad
411 341 692 394 interitum
732 343 786 394 et
817 341 1050 394 alliciam
1089 341 1158 394 ad
1188 341 1572 395 comedendum
1610 358 1711 409 me,
1749 360 1832 411 ne,

148 416 289 470 sicut
335 415 567 469 aliorum
613 417 935 484 martyrum,
979 432 1092 468 non
1139 415 1373 469 audeant
1419 433 1613 484 corpus
1652 433 1833 468 meum

148 488 441 561 adtingere.
519 487 722 551 Quodsi
769 489 950 542 venire
994 489 1286 559 noluerint,
1333 506 1433 559 ego
1471 490 1583 542 vim
1621 488 1833 558 faciam,

144 566 206 616 ut
255 563 490 616 devorer.
564 562 836 634 Ignoscite
876 562 1033 632 mihi,
1071 563 1247 634 filioli;
1294 562 1422 632 quid
1470 563 1606 615 mihi
1643 563 1829 632 prosit,
1863 575 1887 614 5

149 654 250 707 ego
292 638 416 690 scio,
492 635 651 690 Nunc
697 636 896 705 incipio
945 654 1060 689 esse
1102 636 1416 706 discipulus,
1462 636 1598 689 nihil
1629 637 1694 690 de
1742 637 1828 689 his

147 729 283 780 quae
314 711 562 764 videntur
594 710 917 779 desiderans,
946 712 1008 762 ut
1029 708 1208 763 Iesum
1235 709 1512 764 Christum
1543 710 1830 764 inveniam.

148 784 323 854 Ignis,
355 803 504 851 cruit,
535 784 762 854 bestiae,
794 783 1088 837 confractio
1122 784 1324 837 ossium
1362 786 1832 854 membrorumque

147 857 338 912 divisio
388 862 442 911 et
487 858 655 911 totius
705 857 944 927 corporis
990 858 1247 911 contritio
1296 862 1351 911 et
1396 860 1515 912 tota
1559 860 1832 912 tormenta

147 932 350 986 diaboli
388 933 447 984 in
485 951 570 985 me
609 932 853 1001 veniant,
891 934 1105 985 tantum
1143 935 1206 984 ut
1245 929 1461 985 Christo
1500 931 1684 985 fruar?
1867 945 1921 984 10

304 1005 543 1076 Cumque
574 1006 683 1058 iam
715 1005 1002 1059 damnatus
1044 1009 1186 1059 esset
1217 1006 1280 1058 ad
1314 1006 1517 1059 bestias
1550 1008 1605 1059 et
1643 1005 1831 1058 ardore

146 1080 386 1150 patiendi
448 1080 722 1150 rugientes
779 1079 988 1133 audiret
1046 1080 1252 1149 leones,
1317 1081 1413 1132 ait:
1477 1079 1832 1132 ‘frumentum

148 1153 351 1208 Christi
382 1173 525 1223 sum3
565 1154 816 1207 dentibus
848 1154 1144 1207 bestiarum
1183 1155 1370 1224 molar,
1401 1156 1462 1206 ut
1490 1154 1646 1222 panis
1679 1171 1832 1205 mun-

146 1227 244 1281 dus
283 1227 567 1281 inveniar'.

295 1301 494 1356 Passus
535 1305 618 1355 est
663 1319 807 1354 anno
852 1302 1138 1355 undecimo
1180 1302 1424 1367 Traiani,
1479 1306 1533 1354 et
1578 1301 1832 1370 reliquiae
1867 1313 1919 1351 15

148 1376 390 1444 corporis
432 1376 544 1428 eius
584 1376 642 1428 in
680 1374 979 1429 Antiochia
1016 1376 1193 1429 iacent
1231 1379 1382 1430 extra
1419 1380 1631 1445 portam
1671 1374 1834 1444 daph-

148 1450 370 1503 niticam
410 1450 468 1502 in
508 1450 788 1503 cimiterio,

797 1600 934 1676 Cap.
988 1601 1053 1658 X
1064 1600 1202 1659 VII.

294 1714 651 1785 Polycarpus‚
708 1715 968 1769 Iohannis
1025 1717 1259 1784 apostoli
1314 1716 1604 1786 discipulus
1658 1719 1712 1769 et
1766 1716 1833 1768 ab

151 1807 214 1843 eo
258 1787 517 1859 Smyrnae
558 1790 840 1858 episcopus
882 1790 1185 1859 ordinatus,
1221 1791 1389 1843 totius
1431 1791 1594 1843 Asiae
1633 1790 1834 1859 episco-
1868 1801 1923 1840 20

149 1882 250 1933 pus
290 1864 538 1933 princeps
575 1864 703 1932 fuit,
763 1864 960 1933 quippe
1007 1865 1099 1934 qui
1135 1864 1427 1917 nonnullos
1467 1865 1835 1933 apostolorum

150 1940 204 1990 et
242 1955 427 1990 eorum
467 1938 559 2007 qui
598 1937 893 1990 Dominum
941 1938 1211 2007 viderant,
1257 1939 1548 2008 magistros
1587 1938 1837 1990 habuerit

151 2014 205 2064 et
234 2011 443 2065 viderit.
506 2010 612 2065 Hic
642 2014 867 2081 propter
891 2011 1155 2082 quasdam
1187 2012 1251 2064 de
1291 2012 1377 2065 die
1410 2012 1644 2081 paschae
1677 2030 1835 2081 quae-

151 2085 354 2138 stiones
405 2085 503 2139 sub
549 2085 874 2155 imperatore
936 2085 1215 2139 Antonino
1270 2085 1390 2154 Pio,
1453 2086 1731 2139 ecclesiam
1779 2086 1836 2137 in

151 2158 282 2212 urbe
312 2162 534 2228 regente
566 2159 811 2228 AnicetO,
842 2160 1074 2213 Romam
1104 2161 1269 2229 venit,
1299 2160 1392 2212 ubi
1422 2160 1685 2229 plurimos
1725 2178 1834 2212 cre·
1868 2169 1922 2208 25

151 2232 389 2285 dentium
430 2232 725 2286 Marcionis
779 2236 833 2285 et
869 2233 1152 2287 Valentini
1189 2234 1540 2303 persuasione
1581 2234 1832 2302 deceptos

146 2307 360 2359 reduxit
404 2306 474 2359 ad
518 2307 692 2360 fidem.
769 2306 1009 2377 Cumque
1058 2308 1107 2360 ei
1152 2308 1377 2361 fortuito
1417 2308 1606 2361 obvius
1645 2308 1836 2360 fuisset

146 2380 391 2434 Marcion
425 2383 478 2433 et
510 2380 728 2434 diceret:
759 2380 1039 2452 ecognosce
1071 2380 1192 2435 nos’
1216 2381 1513 2451 respondit:
1547 2381 1833 2452 ‘cognosco

150 2454 574 2523 primogenitum
621 2454 858 2508 diaboli'.
935 2454 1134 2509 Postea
1172 2473 1298 2508 vero
1350 2459 1613 2526 regnante
1651 2455 1834 2510 Marco

151 2527 432 2582 Antonino
489 2531 544 2580 et
594 2527 759 2582 Lucio
814 2528 1035 2582 Aurelio
1087 2527 1410 2599 Commodo,
1468 2532 1661 2599 quarta
1714 2531 1839 2597 post
1868 2540 1926 2578 30

271 2694 293 2732 1
329 2701 417 2732 esse
441 2689 574 2734 deest
596 2689 646 2732 in
670 2689 776 2733 Vat.
894 2694 920 2733 3
949 2689 1143 2734 ‘meum'
1172 2690 1301 2734 deest
1324 2689 1373 2733 in
1396 2689 1502 2735 Vat.
1626 2694 1653 2732 4
1676 2688 1836 2733 Bamb.

149 2750 199 2791 et
229 2747 438 2792 Norimb.
471 2748 670 2792 addunt:
706 2762 792 2806 ego
816 2762 890 2792 me
914 2747 1126 2805 ingeram
1220 2754 1272 2792 17
1297 2748 1426 2793 vat-,2
1459 2747 1723 2804 cymiteri03
1755 2747 1837 2791 aL:

151 2806 430 2851 coemeterio
569 2811 625 2851 20
658 2807 716 2852 al.
753 2807 1034 2864 ‘episcopus'
1069 2821 1164 2852 non
1194 2808 1372 2852 habent
1499 2812 1555 2850 23
1589 2807 1670 2851 aL:
1704 2820 1840 2862 super

150 2864 254 2928 die·²
279 2864 408 2911 Vat.:
441 2865 535 2910 diei
657 2871 711 2912 27
746 2866 828 2911 aL:
861 2866 1048 2911 obviam
