1974 3192
224 301 285 354 8·

223 373 272 426 9·

189 521 282 573 113

875 187 931 196 -
990 163 1217 209 XIV·—

325 298 643 367 Babyllonis
683 296 796 369 (V.:
837 296 1122 351 Babilonis

317 373 411 425 10:
451 371 648 424 salutat
668 388 755 425 vos
778 388 909 439 quae
938 375 1012 424 est
1033 296 1266 442 (V,{.—
1305 369 1418 443 (A.:
1458 373 1682 426 ecclesia
1706 373 1884 444 quae).

327 446 385 498 in
423 443 723 513 Babyllone
760 446 1029 499 cumelecta
1069 442 1198 516 (V..)

321 520 591 586 adsumpto
630 516 760 590 (V..)
810 549 873 556 —
919 519 1277 588 evangelium.

188 595 281 647 12:
311 594 537 661 primus.
571 623 643 630 —
681 593 1010 646 annuntians
1040 590 1171 662 (V.).

191 668 283 720 13:

131 740 287 794 *152

189 815 283 868 17:

189 889 285 941 19:

186 1110 283 1163 22:

185 1258 283 1311 25:

187 1332 287 1385 26:

185 1479 289 1533 283

326 665 494 719 ‘vitae'
535 683 632 719 om.
676 697 740 704 —-
786 664 873 737 (A.
882 666 947 720 V.
957 666 1019 720 B.
1058 665 1264 719 addunt:
1303 664 1529 736 vitae'.)

325 739 467 807 Filo,
506 740 933 793 dissertissimo&

324 816 399 881 et]
441 813 642 867 librum
674 811 787 884 (A.)
828 832 988 883 super
1028 832 1212 867 eorum
1251 814 1713 868 conversationem
1750 812 1879 884 (V.).

324 889 398 942 sic
442 888 529 941 ille
572 889 709 956 quod
754 887 1111 941 Alexandriae
1154 888 1247 942 sub
1297 887 1482 941 Marco
1528 889 1644 955 fieri
1689 888 1884 942 doctore

319 961 550 1015 cernebat
583 962 857 1015 memoriae
894 962 1130 1014 tradedit
1169 960 1436 1033 (tradidit)
1469 959 1596 1033 (A..)
1651 959 1762 1032 (V.:
1805 962 1882 1016 sic

320 1036 444 1089 illae
484 1034 548 1089 A.
591 1054 632 1088 S.
670 1035 741 1088 M.
781 1035 829 1088 d.
869 1035 906 1088 f.
946 1054 989 1089 e.
1028 1054 1097 1089 m.
1137 1054 1273 1105 quae
1312 1033 1474 1105 trad.)

322 1109 677 1252 Alexandria?
699 1110 983 1162 succedente
1004 1110 1103 1163 sibi
1125 1109 1379 1163 Anniano
1403 1107 1530 1180 (A.).
1571 1106 1683 1180 (V.:
1722 1107 1884 1162 ‘suem

322 1202 360 1237 S.
399 1182 483 1235 A.'
529 1201 632 1250 om,
664 1224 676 1236 .

322 1257 533 1310 Zebedei
571 1254 682 1326 (V.)
724 1298 945 1310 .....
985 1255 1216 1310 Herodis
1257 1254 1385 1327 (V..)

328 1332 663 1384 decollaverat
693 1328 807 1401 (A.)
839 1331 1148 1385 novissimus
1180 1329 1380 1402 (A.B.)·
1425 1328 1538 1402 (V.:
1577 1330 1888 1384 decollavit-

321 1402 655 1474 novissime).
1946 1400 1948 1406 ’

331 1478 616 1531 adversum
655 1475 995 1547 Gyrinthum.

186 1553 283 1605 293
323 1551 738 1606 Hebionitarum
780 1551 912 1624 (V..)
951 1584 1022 1590 —
1064 1550 1175 1622 (A.:
1215 1550 1618 1622 ebionitarum.)

186 1626 283 1679 30:
323 1627 609 1694 conpulsus.
772 1666 777 1673 .

926 1712 1042 1771 Pay.
1074 1717 1148 1759 15.

227 1774 284 1827 1:
324 1773 548 1826 edicere.

225 1847 285 1899 2:
323 1848 549 1901 Matthei
589 1845 720 1919 (V..)

223 1921 284 1973 3:
324 1922 524 1986 Marci,
562 1923 734 1975 Isucae
773 1920 959 1992 (A.V.:
1000 1925 1055 1976 et
1092 1921 1313 1993 Lucae)-

222 1994 285 2047 4:
327 1994 409 2048 ‘et'
450 2012 546 2048 om.
609 1995 775 2065 (A.V.
792 1995 859 2050 N.
900 1995 991 2049 ‘et'
1033 1994 1192 2067 add..)

226 2069 283 2122 7:

190 2142 287 2196 12:

190 2216 284 2269 14:

190 2363 286 2417 15:

191 2438 286 2492 16:

192 2511 286 2565 18:

187 2585 282 2639 20:

188 2660 285 2713 22:

187 2733 286 2786 23:

322 2070 551 2136 exposita
586 2070 800 2135 fuerant
836 2067 970 2141 (V.).
1012 2067 1129 2138 (A.:
1167 2070 1383 2123 fuerant
1423 2067 1563 2139 exp.)

326 2144 532 2210 scripsit
567 2147 738 2196 autem
778 2141 906 2214 (A.).
962 2141 1077 2213 (V.:
1118 2144 1324 2213 scripS.
1365 2141 1493 2196 aub'
1535 2140 1662 2214 om.)

326 2216 623 2270 audivimus
656 2222 704 2270 et
724 2219 954 2272 uidimus
991 2219 1150 2272 oculis
1171 2214 1383 2287 nostri3‚
1422 2217 1558 2285 quod
1579 2214 1706 2290 (A..)
1770 2214 1884 2286 (V.:

328 2289 599 2344 vidimus’
641 2290 783 2359 om..)

326 2366 727 2432 temptaverunt
766 2363 894 2434 (A..)

327 2439 688 2492 eruditissimis
726 2437 911 2509 (A.V.:
952 2437 1214 2509 eruditis).

329 2510 465 2565 Gaio
506 2509 595 2582 (A.
605 2512 695 2566 V.:
735 2511 904 2583 Caio).

326 2585 670 2654 sepulchrum
710 2585 839 2658 (V..)

326 2676 441 2713 cum
469 2676 567 2726 per
604 2661 833 2714 ordinem
874 2658 1004 2731 (A).
1066 2659 1178 2731 (V.:
1218 2659 1333 2730 per
1373 2658 1504 2714 ord-⁹
1546 2656 1674 2729 om.)

327 2751 360 2786 a
405 2732 647 2802 Papiam·
741 2733 981 2787 audirem
1038 2733 1192 2788 eius'
1341 2731 1526 2804 ..:(V
1580 2733 1881 2786 adiutorem

329 2808 443 2860 eius
483 2806 835 2878 disserimus).

187 2880 286 2934 24:
315 2885 438 2948 post
474 2881 732 2935 Neronem
773 2879 902 2953 (A.).
