1974 3192
806 144 1130 196 -7-

116 261 520 318 circumcisione
545 259 895 328 crediderant,
920 261 977 312 in
1000 259 1191 329 Ponto,
1208 258 1438 326 Galatia,
1456 259 1808 330 Cappadocia,

119 335 252 389 Asia
298 338 353 388 et
389 333 659 402 Bithynia,
699 333 930 388 secundo
973 332 1162 387 Claudi
1203 353 1343 387 anno
1394 335 1459 387 ad
1500 351 1806 404 expugnan-

118 410 246 462 dum
293 407 568 465 Simonem
615 426 836 477 magum
881 407 1109 461 Romam
1160 409 1338 478 pergit
1383 408 1563 478 ibique
1610 409 1805 478 viginti

118 483 353 552 quinque
405 482 559 534 annis
617 482 925 534 cathedram
976 482 1364 535 sacerdotalem
1414 484 1589 536 tenuit
1633 501 1803 552 usque

116 557 187 610 ad
218 556 468 608 ultimum
491 554 726 608 Neronis
758 574 978 621 annum,
1008 555 1064 607 id
1104 559 1211 624 est,
1244 559 1492 624 quartum
1523 556 1802 610 decimum.
1865 568 1891 607 5

265 630 316 682 A
363 647 467 699 quo
517 632 570 681 et
617 629 820 682 adfixus
876 628 1019 681 cruci
1073 629 1332 697 martyrio
1389 633 1676 683 coronatus
1725 634 1807 684 est

118 704 300 772 capite
341 704 408 755 ad
445 706 647 756 terram
684 720 841 755 verso
882 706 936 754 et
965 702 1022 754 in
1056 702 1282 754 sublime
1314 703 1540 770 pedibus
1582 705 1803 757 elevatis

115 796 363 830 asserens
405 795 460 830 se
499 777 783 846 indignum
824 776 916 845 qui
955 776 1030 828 sic
1070 775 1483 845 crucifigeretur,
1522 781 1583 830 ut
1621 778 1806 831 Domi·

114 870 218 904 nus
260 870 403 904 811118.
466 849 696 918 Scripsit
727 850 859 902 duas
895 850 1180 919 epistulaS,
1212 868 1348 918 quae
1381 851 1676 904 catholicae
1709 871 1803 905 no-

114 926 412 994 minantur3
461 942 687 993 quarum
735 924 967 977 secunda
1018 942 1049 976 a
1094 923 1362 993 plerisque
1410 925 1523 977 61118
1571 928 1803 994 negatur
1837 938 1892 976 10

114 1002 337 1068 propter
384 999 497 1051 stili
544 1016 664 1050 611111
709 999 888 1066 priore
928 998 1332 1051 dissonantiam.
1411 997 1514 1051 Sed
1555 1001 1608 1051 et
1648 1018 1805 1051 evan-

114 1073 318 1142 gelium
347 1073 496 1125 iuxta
519 1071 777 1140 Marcum,
809 1073 901 1142 qui
933 1071 1144 1124 auditor
1175 1072 1287 1124 eius
1321 1074 1375 1125 et
1398 1072 1662 1142 interpres
1687 1072 1806 1141 fuit,

116 1146 276 1199 huius
324 1146 532 1199 dicitur.
616 1145 764 1198 Libri
813 1149 1016 1214 autem,
1063 1163 1090 1197 e
1140 1147 1332 1214 quibus
1381 1165 1519 1213 unus
1561 1150 1802 1199 actorum

114 1221 231 1273 61118
272 1220 600 1289 inscribitur,
639 1220 776 1273 alius
818 1219 1104 1290 evangelii,
1142 1220 1334 1272 tertius
1374 1221 1803 1288 praedicationiS,

116 1297 339 1364 quartus
371 1290 784 1363 ἀποκαλύψεως,
817 1295 1035 1364 quintus
1075 1294 1259 1346 iudicii
1289 1294 1432 1346 inter
1465 1295 1804 1363 apocryphas
1839 1305 1894 1344 15

117 1368 409 1437 scripturas
457 1368 822 1436 repudiantur.
900 1366 1149 1437 Sepultus
1191 1367 1393 1421 Romae
1442 1369 1500 1421 in
1539 1368 1805 1422 Vaticano

115 1442 267 1494 iuxta
313 1442 455 1494 viam
501 1441 883 1511 triumphalem
928 1442 1097 1495 totius
1148 1442 1292 1494 orbis
1333 1443 1678 1496 veneratione
1729 1461 1806 1496 ce·

114 1516 371 1569 lebratur.

829 1593 963 1668 Cap.
1013 1594 1102 1651 II.

264 1707 494 1761 Iacobus
528 1709 617 1776 qui
650 1708 953 1777 appellatur
986 1708 1155 1761 frater
1178 1708 1414 1778 Domini,
1448 1711 1805 1778 cognomento
1839 1719 1896 1758 20

115 1782 300 1835 Iustus
310 1824 324 1851 ,
362 1785 423 1834 ut
461 1783 707 1835 nonnulli
740 1783 1069 1852 existimant,
1109 1783 1248 1835 filius
1283 1782 1501 1851 Ioseph,
1533 1785 1594 1834 ut
1627 1785 1806 1835 autem

117 1856 253 1909 mihi
306 1855 531 1925 videtur,
584 1855 812 1926 Mariae,
868 1857 1067 1909 sororis
1122 1857 1310 1908 matris
1358 1856 1600 1924 Domini,
1657 1857 1804 1908 6111118

116 1930 385 1983 Iohannes
424 1930 482 1982 in
519 1930 658 1983 libro
701 1948 796 1983 suo
829 1931 1094 1995 meminit,
1133 1930 1296 1999 filius,
1335 1933 1459 1999 post
1498 1931 1804 1999 passionem

119 2004 341 2058 Domini
372 2004 557 2056 statim
590 2005 656 2056 ab
691 2004 951 2073 apostolis
984 2004 1489 2072 Hierosolymorum
1521 2005 1805 2074 episcopus

117 2078 419 2147 ordinatus,
466 2097 630 2130 unam
677 2081 890 2131 tantum
939 2078 1154 2146 scripsit
1199 2079 1509 2147 epistulam,
1556 2097 1690 2147 quae
1741 2078 1803 2130 de
1838 2088 1894 2126 25

118 2157 324 2222 septem
374 2152 650 2205 catholicis
699 2155 802 2218 est,
851 2171 986 2222 quae
1035 2155 1089 2205 et
1133 2153 1254 2220 ipsa
1300 2153 1367 2205 ab
1415 2152 1522 2205 alio
1572 2153 1804 2221 quodam

119 2227 218 2279 sub
243 2226 461 2278 nomine
488 2227 601 2279 eius
634 2226 778 2279 edita
811 2227 1080 2295 asseritur,
1111 2226 1237 2279 licet
1268 2226 1532 2295 paulatim
1563 2229 1804 2295 tempore

118 2299 438 2370 procedente
479 2300 774 2353 obtinuerit
814 2301 1205 2354 auctoritatem.

267 2372 607 2443 Hegesippus
653 2374 859 2427 vicinus
916 2375 1338 2444 apostolicorum
1392 2377 1696 2443 temporum
1750 2375 1804 2426 in

121 2449 310 2518 quinto
351 2448 857 2501 commentariorum
902 2449 1040 2502 libro
1089 2448 1154 2500 de
1192 2447 1390 2501 Iacobo
1430 2466 1659 2502 narrans
1702 2448 1802 2500 ait:
1837 2456 1894 2496 30

121 2520 392 2591 ‘Suscepit
423 2522 702 2574 ecclesiam
727 2521 1138 2591 Hierosolymae
1169 2526 1294 2590 post
1327 2523 1604 2591 apostolos
1636 2522 1806 2574 frater

241 2627 295 2666 10
328 2623 410 2667 al.:
444 2636 542 2667 esse
575 2623 689 2669 61118.
745 2623 801 2670 cf.
835 2624 1017 2680 cap.V:
1049 2638 1142 2668 non
1175 2623 1273 2667 eius
1306 2622 1511 2668 creditur
1589 2627 1640 2666 11
1674 2622 1808 2667 Vat.:

119 2681 410 2726 dissonantia
502 2687 554 2726 13
580 2682 813 2728 Norimb.:
837 2683 1067 2727 itinerarii
1159 2687 1212 2726 16
1238 2681 1422 2727 Bamb.:
1457 2683 1733 2738 reputantur

121 2745 175 2784 21
210 2739 334 2784 filius
366 2741 498 2785 deest
527 2742 577 2786 in
600 2741 760 2786 Bamb.
795 2745 843 2786 et
866 2741 1021 2796 Bern.,
1057 2742 1137 2798 qui
1158 2742 1336 2787 habent
1366 2743 1474 2798 post
1505 2754 1666 2785 uxore:
1699 2754 1806 2784 eum

119 2799 332 2856 genuisse
431 2805 487 2844 26
520 2801 625 2846 Vat.
661 2803 708 2846 et
738 2801 969 2846 Norimb.:
1004 2800 1239 2846 canonicis
1345 2807 1399 2845 31
1435 2800 1598 2844 Bamb.
1632 2800 1678 2843 et
1709 2799 1807 2843 No-

120 2858 275 2904 rimb.:
310 2859 739 2917 Hierosolymorum
1048 2858 1051 2860 ³
