1974 3192
714 190 784 198 -
862 149 1080 212 27·-

51 278 293 332 civitatis
340 279 393 330 et
437 277 744 347 provinciae
793 277 1045 347 populos,
1098 277 1190 330 sed
1241 279 1295 331 et
1349 277 1576 331 aliarum
1622 295 1741 346 pro-

57 351 356 404 vinciarum
395 353 449 403 et
486 350 698 403 urbium
738 350 983 420 epistulis
1023 351 1270 404 erudiret.
1335 350 1383 404 E
1423 351 1619 421 quibus
1658 354 1742 403 est
1810 352 1826 364 ⁶

61 443 168 477 una
205 424 272 477 ad
293 422 772 490 Lacedaemonios,
812 425 920 489 alia
960 424 1027 477 ad
1051 423 1429 494 Athenienses,
1468 425 1632 477 tertia
1671 424 1740 478 ad

52 496 516 566 Nicomedienses,
555 500 747 566 quarta
785 498 853 552 ad
893 496 1201 567 Cretenses,
1239 498 1428 567 quinta
1467 498 1535 551 ad
1575 499 1740 551 eccle-

53 572 194 625 siam
217 571 587 625 Amastrinam
627 574 682 624 et
720 572 788 625 ad
826 572 1060 642 reliquas
1088 571 1251 624 Ponti
1282 573 1554 641 ecclesiaS‚
1587 575 1739 625 sexta
1801 583 1826 623 5

52 645 123 698 ad
162 644 469 700 Gnosianos
518 648 572 699 et
619 645 686 698 ad
724 644 1006 715 Pinytum,
1054 644 1291 698 eiusdem
1337 646 1486 699 urbis
1534 646 1737 716 episco-

51 737 204 789 pum,
245 720 476 788 septima
513 718 581 771 ad
611 717 912 787 Romanos,
945 736 1109 790 quam
1142 719 1356 788 scripsit
1389 719 1457 772 ad
1481 717 1739 789 Soterem,

50 793 366 862 episcopum
405 810 613 861 eorum,
653 795 846 846 octava
884 792 951 845 ad
992 790 1455 862 Chrysophoram,
1495 796 1738 846 sanctam

52 865 325 919 feminam.
417 864 624 920 Claruit
687 866 785 919 sub
840 866 1163 935 imperatore
1217 865 1401 919 Marco
1456 865 1736 920 Antonino

50 937 196 993 Vero
237 943 290 993 et
328 939 493 993 Lucio
534 939 758 993 Aurelio
799 937 1110 994 Commodo,
1774 953 1826 992 10

642 1090 779 1166 Gap.
834 1090 966 1148 XX
977 1089 1153 1149 VIII.

198 1204 430 1274 Pinytus
449 1203 740 1275 Cretensis,
765 1205 1000 1259 Gnosiae
1024 1206 1173 1259 urbis
1200 1205 1496 1275 episcopuS,
1521 1204 1736 1272 scripsit

50 1278 120 1331 ad
151 1278 493 1347 Dionysium,
526 1277 930 1333 Corinthiorum
971 1280 1297 1349 episcopum,
1337 1278 1490 1332 valde
1522 1278 1737 1347 elegan-

51 1355 162 1404 tem
203 1353 513 1423 epistulam,
551 1353 612 1405 in
651 1371 758 1422 qua
795 1353 952 1406 docet
988 1371 1101 1406 non
1140 1371 1352 1422 semper
1389 1354 1528 1406 lacte
1568 1369 1736 1420 popu-

46 1426 131 1479 los
171 1426 531 1496 enutriendos,
570 1445 639 1479 ne
679 1428 837 1497 quasi
878 1427 1090 1496 parvuli
1129 1427 1196 1480 ab
1237 1427 1431 1480 ultimo
1473 1443 1732 1494 occupen-
1771 1438 1825 1477 15

48 1503 141 1553 tur
179 1500 285 1570 die,
324 1501 416 1553 sed
457 1503 512 1554 et
551 1500 722 1555 solido
762 1502 905 1555 vesci
948 1501 1138 1554 debere
1180 1501 1318 1554 cibo,

679 1652 816 1726 Gap.
870 1651 1119 1710 XXIX.

200 1765 486 1837 Tatianus,
529 1766 622 1836 qui
662 1766 897 1836 primum
929 1767 1222 1820 oratoriam
1257 1766 1454 1819 docens
1483 1782 1594 1819 non
1617 1782 1738 1834 par-

48 1858 175 1894 vam
214 1841 318 1894 sibi
358 1858 422 1893 ex
461 1843 575 1894 arte
606 1841 876 1894 rethorica
916 1841 1148 1911 gloriam
1185 1841 1611 1909 comparaverat,
1650 1837 1738 1890 Iu-

51 1913 184 1967 stini
223 1915 474 1983 martyris
509 1916 741 1968 sectator
778 1914 907 1984 fuit,
945 1914 1142 1968 florens
1172 1914 1230 1967 in
1261 1913 1510 1982 ecclesia,
1550 1930 1735 1982 quam·
1769 1924 1826 1964 20

46 1988 142 2040 diu
181 1988 249 2041 ab
289 1989 402 2042 eius
440 1989 607 2042 latere
647 2006 759 2042 non
798 1987 1057 2042 discessit.
1131 1987 1331 2041 Postea
1370 2004 1520 2057 vero,
1560 1987 1733 2039 elatus

48 2062 383 2132 eloquentiae
421 2065 654 2132 tumore,
691 2081 891 2116 novam
924 2062 1165 2116 condidit
1194 2061 1429 2127 heresin,
1472 2078 1610 2130 quae
1649 2077 1738 2112 en-

47 2136 366 2189 cratitarum
405 2136 615 2206 dicitur,
654 2154 816 2206 quam
854 2139 1046 2206 postea
1078 2133 1306 2189 Severus
1349 2135 1520 2204 auxit,
1559 2153 1592 2187 a
1631 2152 1737 2203 quo

49 2210 288 2263 eiusdem
338 2210 507 2279 partis
557 2210 782 2264 heretici
820 2209 1096 2264 Severiani
1141 2228 1310 2279 usque
1356 2208 1518 2262 hodie
1558 2207 1737 2277 appel-

49 2284 245 2337 lantur.
321 2283 490 2337 Porro
531 2283 789 2338 Tatianus
837 2284 1053 2338 infinita
1104 2283 1320 2353 scripsit
1356 2282 1654 2350 volumina,
1711 2299 1738 2333 e
1772 2292 1829 2333 25

51 2357 247 2428 quibus
286 2376 423 2411 unus
464 2360 651 2412 contra
689 2361 879 2428 gentes
918 2357 1332 2412 florentissimus
1374 2359 1550 2410 exstat
1588 2355 1741 2422 liber,

51 2431 146 2500 qui
190 2431 334 2485 inter
385 2432 568 2486 omnia
614 2450 778 2502 opera
824 2433 937 2485 eius
984 2432 1158 2485 fertur
1204 2431 1450 2502 insignis,
1534 2429 1610 2484 Et
1653 2429 1743 2482 hic

168 2582 195 2622 3
226 2577 342 2622 haec
366 2577 528 2623 verba:
561 2576 701 2622 tertia
725 2577 784 2622 ad
807 2576 1204 2634 Nicomedienses,
1229 2580 1397 2634 quarta
1419 2575 1480 2620 ad
1504 2574 1745 2619 Cretenses

46 2635 216 2682 desunt
245 2636 295 2680 in
324 2636 431 2683 Vat.
598 2640 624 2680 5
658 2636 740 2681 aL:
772 2635 1108 2681 amastrianam
1267 2642 1293 2680 6
1324 2635 1454 2680 Vat.:
1486 2635 1744 2690 Pynetum;

52 2693 241 2741 Bamb..·
272 2695 516 2752 Pynitum;
548 2695 781 2740 Norimb.:
806 2695 1014 2739 Pinitum
1152 2700 1207 2740 15
1239 2695 1322 2739 aL:
1353 2692 1626 2738 nutriendos

50 2759 106 2798 16
139 2754 222 2799 alii
252 2754 450 2799 adduntz
483 2756 537 2799 ut
565 2755 615 2799 in
647 2754 904 2811 spiritalem
936 2754 1182 2811 proficiant
1214 2755 1514 2798 senectutem.
1575 2750 1639 2795 Et
1668 2750 1745 2794 hic

48 2813 136 2858 sub
174 2813 330 2858 Marco
368 2813 604 2860 Antonino
641 2813 764 2858 Vero
805 2815 853 2858 et
891 2813 1034 2858 Lucio
1073 2813 1262 2859 Aurelio
1295 2810 1547 2858 Commodo
1590 2809 1747 2854 floruit

47 2876 104 2916 21
137 2872 266 2917 Vat.:
298 2873 489 2918 recessit
610 2877 665 2917 22
698 2873 779 2918 aL:
815 2869 1099 2930 ἔγκρατιτῶν
