1974 3192
770 190 1136 242 -37-

112 307 255 379 quod
287 306 543 376 oppidum
574 306 767 361 Italiae
799 311 896 378 est,
935 325 1131 377 senem,
1163 308 1254 376 qui
1287 324 1342 360 se
1373 306 1519 360 beati
1543 305 1804 376 Cypriani

112 383 218 435 iam
253 380 475 451 grandis
507 381 699 434 aetatis
723 382 1011 450 notarium,
1043 399 1163 435 cum
1193 382 1308 450 ipse
1342 381 1629 434 admodum
1662 384 1803 434 esset

112 455 438 524 adulescenS,
454 454 660 508 Romae
678 455 875 508 vidisse
892 454 1093 508 diceret
1107 454 1427 508 referentem
1445 455 1563 524 sibi,
1585 455 1805 509 solitum

112 547 408 598 numquam
437 526 771 598 Cyprianum
803 529 1005 599 absque
1031 528 1349 581 Tertulliani
1379 529 1610 582 lectione
1641 547 1805 581 unam

112 603 253 656 diem
282 602 603 671 praeterisse
636 621 697 655 ac
735 603 837 655 sibi
869 602 1054 655 crebro
1087 601 1283 655 dicere:
1320 602 1407 655 ‘da
1438 600 1804 672 magistrum'‘!

118 676 509 729 Tertullianum
526 676 773 729 videlicet
797 675 1121 746 significans.
1161 674 1265 728 Hic
1289 693 1458 745 usque
1483 676 1550 728 ad
1574 675 1807 728 mediam

117 753 350 803 aetatem
382 750 665 819 presbyter
694 749 800 802 fuit
831 749 1101 818 ecclesiae,
1137 748 1340 801 invidia
1370 752 1560 818 postea
1599 753 1652 802 et
1683 767 1806 802 con-

113 823 348 877 tumeliis
412 823 727 877 elericorum
788 821 1066 875 Romanae
1122 823 1377 875 ecclesiae
1438 822 1505 875 ad
1558 822 1807 876 Montani

118 897 317 967 dogma
348 896 600 965 delapsus
639 897 697 948 in
728 896 914 949 multis
953 896 1106 948 libris
1138 913 1312 949 novae
1350 896 1664 964 prophetiae
1703 915 1809 949 me-

111 971 283 1024 minit.
376 968 693 1039 Specialiter
754 972 934 1023 autem
996 970 1250 1022 adversus
1306 970 1585 1022 ecclesiam
1637 970 1808 1022 texuit

116 1044 392 1098 volumina
424 1044 488 1097 de
518 1044 801 1114 pudicitia,
842 1043 905 1096 de
937 1043 1336 1113 persecutione,
1376 1043 1439 1095 de
1471 1043 1709 1113 ieiuniis,
1748 1043 1812 1095 de

119 1118 486 1188 monogamia,
527 1117 590 1170 de
632 1117 827 1171 ecstasi
870 1117 1040 1170 libros
1081 1136 1173 1170 sex
1213 1120 1267 1170 et
1306 1117 1615 1186 septimum,
1656 1134 1813 1187 quem

123 1192 379 1245 adversus
420 1191 774 1260 Apollonium
814 1192 1138 1261 composuit,
1177 1191 1454 1260 ferturque
1491 1191 1688 1244 vixisse
1726 1209 1813 1243 us-

120 1284 220 1335 que
261 1265 327 1318 ad
359 1265 690 1335 decrepitam
724 1268 958 1318 aetatem
999 1268 1053 1318 et
1091 1283 1227 1334 quae
1258 1283 1369 1318 non
1403 1267 1618 1317 exstant
1656 1283 1811 1334 opus-

119 1341 239 1393 cula
277 1339 518 1392 edidisse.

794 1446 929 1520 Cap.
978 1445 1150 1504 LIV.

267 1560 541 1630 OrigeneS,
583 1561 675 1630 qui
715 1564 768 1614 et
807 1560 1188 1629 Adamantius,
1229 1560 1432 1612 decimo
1475 1558 1655 1612 Severi
1695 1577 1812 1628 per·

116 1635 313 1688 tinacis
362 1653 502 1688 anno
552 1635 835 1687 adversum
874 1632 1212 1687 Christianos
1262 1634 1632 1702 persecutione
1671 1651 1812 1686 com-

118 1713 285 1772 mota,
325 1727 357 1760 a
392 1708 625 1761 Leonide
665 1711 818 1777 patre
851 1707 1056 1762 Christi
1095 1703 1356 1777 martyrio
1397 1710 1652 1760 coronato
1693 1724 1814 1759 cum

120 1801 212 1835 sex
249 1783 510 1835 fratribus
550 1786 605 1835 et
643 1786 815 1835 matre
850 1782 1012 1835 vidua
1044 1800 1248 1850 pauper
1284 1781 1606 1850 relinquitur
1644 1798 1811 1833 annos

117 1859 278 1910 natus
319 1856 530 1908 circiter
567 1855 752 1925 XVII3
798 1873 911 1908 rem
958 1856 1099 1909 enim
1137 1856 1456 1908 familiarem
1498 1854 1567 1907 ob
1607 1854 1814 1907 confes-

126 1931 330 1984 sionem
383 1928 587 1983 Christi
640 1930 798 1983 fiscus
854 1933 1221 1998 occupaverat.
1300 1928 1403 1981 Hic
1456 1928 1814 1981 Alexandriae

121 2004 366 2073 dispersa
429 2004 652 2056 ecclesia
706 2007 896 2057 octavo
958 2003 1163 2057 decimo
1226 2003 1419 2055 aetatis
1483 2020 1610 2055 suae
1672 2019 1812 2054 anno

119 2073 473 2146 κατηχήσεων
500 2096 632 2146 opus
659 2077 959 2147 adgressus,
988 2081 1180 2145 postea
1206 2095 1237 2129 a
1260 2077 1553 2145 Demetrio,
1578 2075 1814 2128 eiusdem

119 2152 269 2204 urbis
316 2152 586 2220 episcopO,
624 2152 683 2204 in
720 2152 898 2204 locum
938 2149 1228 2204 Clementis
1275 2149 1575 2219 presbyteri
1622 2149 1812 2202 confir-

126 2228 327 2294 matuS,
372 2243 468 2293 per
506 2225 706 2278 multos
747 2243 918 2277 annos
957 2224 1161 2292 floruit,
1212 2227 1266 2277 et
1305 2242 1425 2277 cum
1463 2224 1570 2276 iam
1609 2223 1814 2276 mediae

122 2302 264 2352 esset
296 2299 490 2351 aetatis
514 2302 570 2351 et
591 2301 813 2368 propter
843 2298 1095 2351 ecclesias
1118 2298 1372 2367 Achaiae,
1403 2316 1539 2367 quae
1570 2298 1815 2366 plurimis

119 2373 400 2425 heresibus
461 2373 818 2441 vexabantur,
886 2373 985 2424 sub
1046 2372 1359 2426 testimonio
1423 2371 1815 2424 eeclesiasticae

122 2446 402 2515 epistulae,
440 2445 684 2499 Athenas
723 2465 821 2516 per
858 2445 1223 2498 Palaestinam
1261 2447 1530 2515 pergeret,
1570 2463 1602 2497 a
1643 2444 1814 2496 Theo-

122 2520 280 2573 ctisto
321 2524 377 2572 et
406 2519 727 2588 Alexandro,
759 2518 1052 2573 Caesareae
1084 2522 1139 2572 et
1169 2519 1675 2587 Hierosolymorum
1708 2518 1814 2586 epi-

123 2594 318 2662 scopie,
365 2595 648 2664 presbyter
696 2594 973 2646 ordinatus
1019 2593 1282 2646 Demetrii
1330 2592 1554 2645 offendit
1592 2593 1814 2659 animos,

244 2729 270 2767 3
295 2724 424 2769 Vat.:
443 2724 699 2781 refertque3
726 2723 1178 2780 Ver.:referretque;
1206 2723 1370 2767 Bamb.
1390 2723 1436 2767 et
1450 2721 1682 2767 Norimb.:
1699 2721 1814 2767 refe-

127 2784 401 2839 rentemque
499 2783 710 2828 Ronsch:
729 2783 919 2838 diceret,
935 2782 1197 2838 referreque
1217 2782 1305 2827 sibi
1323 2782 1510 2826 solitum
1612 2786 1636 2825 7
1650 2779 1811 2826 Bamb.

126 2842 176 2886 et
198 2841 242 2885 N
246 2842 433 2887 orimb.:
465 2843 706 2899 presbyter
746 2842 838 2886 fuit
875 2842 1100 2887 ecclesiae
1131 2841 1379 2886 Africanae
1413 2839 1653 2896 (Africae);
1684 2840 1811 2885 Vat:

130 2900 336 2957 praefuit
458 2905 514 2946 14
543 2901 752 2946 Ronsch:
788 2902 836 2946 et
865 2901 1017 2946 multa
1049 2913 1168 2957 quae
1289 2905 1343 2944 31
1378 2900 1460 2944 al.:
1493 2898 1699 2944 animum

1843 981 1896 1022 10

1845 1347 1898 1388 15

1846 1791 1901 1830 20

1845 2169 1901 2210 25

1845 2547 1902 2586 30
