1974 3192
728 161 1095 213 -93-

66 276 311 330 omnium
358 276 471 329 eius
519 278 897 346 opusculorum
950 282 1034 330 est
1087 279 1227 332 liber
1273 280 1356 333 de
1402 283 1751 350 paenitentia'

68 353 123 402 et
169 349 260 402 ‘de
312 349 468 402 laude
523 351 762 419 generali
818 351 1059 404 omnium
1112 354 1455 422 martyrum'.
1547 354 1754 410 Cla-ruit

65 423 402 491 temporibus
440 422 670 476 Honorii
709 427 763 477 et
800 423 1173 478 Valentiniani
1210 444 1321 479 non
1360 428 1535 481 solum
1574 430 1752 483 obser-

69 496 283 549 vatione
323 499 378 549 et
417 497 703 551 sanctitate
742 498 906 567 vitae,
947 497 1040 551 sed
1080 499 1244 552 etiam
1281 502 1526 569 potentia
1566 503 1750 556 adver-

66 589 188 623 sum
228 570 530 625 daemoneS.
1785 589 1812 628 5

789 648 926 722 Cap.
973 647 1044 705 L.

216 761 515 830 Eutropius
554 762 841 830 presbyter
881 762 1094 831 scripsit
1126 761 1194 814 ad
1225 762 1357 815 duas
1394 782 1619 833 sorores,
1660 784 1750 818 an-

66 836 220 888 cillas
260 833 485 904 Christi,
524 853 660 905 quae
701 836 770 888 ob
810 836 1150 889 devotionem
1187 836 1477 904 pudicitiae
1517 842 1571 890 et
1609 858 1752 892 amo-

67 927 182 962 rem
220 909 499 978 religionis
540 909 892 962 exheredatae
933 912 1061 962 sunt
1101 928 1133 961 a
1171 910 1484 978 parentibus
1493 953 1507 980 ‚
1558 912 1756 979 epistu-

68 984 150 1036 las
206 983 265 1034 in
318 982 537 1035 modum
593 983 899 1036 libellorum
954 983 1345 1036 consolatorias
1403 984 1637 1053 eleganti
1704 988 1757 1038 et
1791 999 1844 1037 10

68 1058 256 1125 aperto
297 1074 544 1110 sermone
592 1056 745 1124 duaS‚
790 1075 903 1110 non
952 1058 1126 1110 solum
1171 1058 1405 1128 ratione,
1452 1058 1545 1110 sed
1593 1058 1756 1111 etiam

67 1130 396 1184 testimoniis
437 1131 823 1200 scripturarum
861 1131 1115 1187 munitaS.

772 1267 909 1341 Gap.
956 1266 1064 1324 LI.

218 1357 488 1450 Euagrius
530 1381 667 1434 alius
709 1382 926 1450 scripsit
966 1380 1368 1434 altercationem
1403 1379 1638 1434 Simonis
1671 1380 1756 1434 Iu-

69 1455 190 1507 daei
251 1457 305 1506 et
357 1455 648 1524 Theophili
702 1453 1018 1524 Christiani,
1080 1473 1214 1524 quae
1270 1472 1442 1523 paene
1508 1455 1757 1508 omnibus
1793 1481 1846 1520 15

69 1531 200 1582 nota
239 1531 335 1582 est.

751 1606 887 1680 Cap.
935 1605 1082 1663 LII.

223 1719 458 1790 Vigilius
483 1720 756 1774 Diaconus
789 1721 1093 1790 composuit
1125 1737 1188 1772 ex
1219 1720 1513 1773 traditione
1544 1722 1758 1788 patrum

73 1793 480 1848 ‘monachorum
519 1794 799 1864 regulam',
839 1813 976 1864 quae
1007 1795 1065 1847 in
1105 1794 1325 1847 cenobio
1361 1794 1429 1846 ad
1459 1793 1758 1862 profectum

69 1867 307 1920 fratrum
351 1868 410 1920 in
458 1871 727 1921 conventu
772 1869 985 1938 legitur,
1031 1869 1273 1921 breviato
1322 1871 1376 1920 et
1423 1871 1610 1936 aperto
1652 1885 1756 1918 ser·
1793 1879 1848 1917 20

73 1960 233 1994 mone
283 1942 449 1995 totius
500 1942 829 1996 monasticae
880 1941 1232 2011 professionis
1284 1942 1340 1994 in
1387 1959 1441 1993 se
1486 1943 1761 1993 tenentem

70 2015 429 2084 disciplinam.

738 2093 876 2168 Cap.
923 2092 1108 2150 LIII.

223 2207 454 2271 Atticus,
501 2205 1138 2276 Constantinopolitanus
1180 2207 1477 2276 episcopuS,
1520 2204 1763 2273 escripsit

73 2281 143 2334 ad
192 2280 408 2350 reginas
462 2281 682 2334 Arcadii
728 2282 1068 2350 imperatoris
1115 2282 1252 2334 filias
1294 2281 1377 2332 ‘de
1417 2280 1522 2331 fide
1567 2282 1621 2331 et
1658 2278 1762 2331 vir·
1795 2290 1849 2328 25

77 2354 327 2424 ginitate'
374 2355 570 2407 librum
619 2355 776 2407 valde
824 2356 1121 2425 egregium,
1169 2356 1225 2408 in
1265 2373 1370 2424 quo
1410 2352 1761 2422 praeveniens

73 2427 457 2482 Nestorianum
498 2429 694 2498 dogma
732 2429 1030 2500 impugnat.

749 2565 884 2640 Gap.
932 2565 1103 2625 LIV.

227 2677 511 2732 Nestorius
542 2679 931 2748 heresiarcheS,
971 2699 1092 2734 cum
1130 2682 1188 2733 in
1219 2677 1559 2732 Antiochena
1601 2675 1763 2729 eccle-

79 2752 160 2805 sia
198 2753 483 2822 presbyter
519 2753 751 2823 insignis
793 2772 856 2807 ex
895 2758 1139 2823 tempore
1172 2755 1501 2807 declamator
1539 2751 1762 2806 habere·
1795 2759 1851 2799 30

75 2867 269 2913 tationis
301 2870 528 2914 tractatus
666 2873 722 2914 29
757 2870 943 2915 Bamb.·
977 2870 1148 2915 Nestor
