1974 3192
214 285 426 353 doctu8‚
474 284 567 336 sed
607 284 820 336 vivente
858 283 1119 352 magistro
1161 284 1334 336 clarus
1371 284 1431 336 in
1471 284 1778 338 doctoribus
1817 302 1901 339 ec-

215 359 406 412 clesiae
446 357 550 409 fuit
597 359 651 409 et
696 355 927 408 maxime
967 373 1031 408 ex
1067 359 1310 425 tempore
1349 357 1691 411 declamator.
1766 357 1906 412 Post

214 432 359 484 illius
400 434 580 483 autem
621 429 829 482 obitum
868 446 1050 482 amore
1082 429 1347 498 primatus
1387 433 1442 484 et
1478 432 1713 485 nominis
1747 449 1900 500 sepa-

214 523 341 557 rans
374 522 431 557 se
463 503 531 556 ab
564 503 788 556 ecclesia
821 502 1042 572 scripsit
1073 504 1342 556 contraria
1372 504 1543 556 multa
1574 505 1711 557 fidei.
1759 504 1900 558 Huic

158 594 181 629 5
217 578 463 631 obiturus
520 577 710 629 beatus
757 576 995 645 Ephrem
1048 577 1251 630 astanti
1306 577 1410 629 sibi
1466 577 1664 631 dixisse
1709 578 1904 631 fertur:

217 650 396 719 ‘Vide,
436 649 703 718 Paulona,
753 668 820 703 ne
865 652 920 702 te
962 650 1269 703 summittas
1311 651 1730 720 cogitationibus
1768 651 1899 719 tuis3

215 725 307 778 sed
347 743 469 777 cum
508 726 563 776 te
597 723 665 776 ad
695 742 890 793 purum
921 723 1387 792 comprehendisse
1416 725 1688 793 putaveris
1712 724 1907 794 Deum,

215 799 366 851 crede
420 801 474 850 te
520 815 620 850 nec
665 796 1031 850 intellexisse'.
1113 797 1495 851 Praesenserat
1541 798 1682 850 enim
1728 798 1902 865 illum,

215 890 278 924 ex
318 871 509 924 studiis
549 872 634 924 vel
666 872 1000 925 sermonibus
1034 871 1168 940 eiuS‚
1206 890 1347 925 nova
1376 871 1703 939 investigare
1753 874 1807 924 et
1844 872 1901 924 in

129 960 182 998 10
216 946 539 999 immensum
599 945 938 998 intellectum
997 945 1239 1013 tendere,
1292 944 1433 997 unde
1488 947 1542 998 et
1595 945 1906 1014 frequenter

217 1038 337 1071 eum
375 1018 725 1072 Bardesanen
762 1019 1035 1072 novellum
1074 1019 1320 1072 vocabat.

915 1169 1050 1243 Cap.
1100 1168 1213 1226 IV.

363 1283 613 1336 Vitellius
660 1282 793 1335 Afer
848 1282 1262 1335 Donatistarum
1321 1283 1556 1336 schisma
1609 1284 1900 1337 defendens

219 1357 438 1426 scripsit
476 1357 559 1409 ‘de
600 1374 661 1409 eo
703 1356 845 1425 quod
885 1356 1007 1409 odio
1049 1356 1159 1409 sint
1205 1357 1402 1410 mundo
1442 1356 1546 1410 Dei
1586 1357 1761 1411 servi'.
1835 1357 1903 1410 In

133 1444 185 1483 15
221 1449 325 1499 quo
367 1431 412 1482 si
451 1430 710 1483 tacuisset
740 1430 804 1482 de
835 1432 1022 1483 nostro
1053 1431 1202 1483 velut
1231 1434 1636 1499 persecutorum
1669 1432 1906 1500 nomine7

218 1505 490 1574 egregiam
544 1503 845 1557 doctrinam
901 1503 1152 1557 ediderat.
1238 1503 1464 1574 Scripsit
1513 1508 1568 1557 et
1616 1504 1904 1558 ‘adversus

215 1577 424 1647 gentes'
481 1581 536 1630 et
591 1577 845 1631 adversus
900 1596 1030 1647 neS‚
1083 1579 1229 1631 velut
1281 1578 1571 1632 traditores
1624 1579 1682 1631 in
1726 1597 1905 1648 perse-

216 1651 429 1704 cutione
480 1651 809 1704 divinarum>
832 1652 1245 1719 scripturarum,
1285 1655 1339 1704 εὴ
1386 1651 1472 1704 ‘ad
1526 1653 1768 1722 regulam
1822 1670 1907 1706 ec-

218 1724 591 1779 clesiasticam'
645 1725 973 1794 pertinentia
1019 1727 1190 1779 multa
1231 1725 1497 1779 disseruit.
1561 1725 1766 1780 Claruit
1805 1727 1903 1779 sub

127 1813 184 1852 20
218 1798 538 1867 Constante,
577 1799 686 1852 filio
714 1797 1059 1852 Constantini
1097 1799 1370 1868 principis

946 1935 1080 2010 Cap.
1121 1934 1183 1992 V.

362 2049 671 2103 Macrobius
719 2049 1028 2119 presbyter,
1078 2052 1132 2102 et
1170 2049 1308 2118 ipse,
1356 2052 1417 2102 ut
1465 2049 1677 2118 scriptis
1718 2049 1904 2118 Optati

215 2123 467 2193 cognovi,
506 2122 943 2176 Donatianorum
981 2126 1172 2192 postea
1198 2123 1268 2175 'in
1300 2123 1431 2176 urbe
1457 2122 1632 2177 Roma
1664 2124 1909 2179 occultus.

219 2198 500 2266 episcopus
548 2196 668 2249 fuit.
746 2194 996 2265 Scripsit,
1045 2214 1164 2249 cum
1212 2196 1385 2250 adhuc
1434 2197 1491 2249 in
1540 2197 1763 2250 ecclesia
1801 2195 1904 2249 Dei

127 2283 181 2322 25
221 2271 506 2339 presbyter
553 2272 719 2339 esset,
769 2269 866 2322 ‘ad
913 2269 1246 2323 confessores
1294 2273 1348 2323 et
1394 2269 1658 2340 virgines'
1705 2271 1903 2323 librum

217 2344 434 2397 moralis
489 2344 703 2412 quidem
765 2343 859 2396 sed
920 2343 1075 2396 valde
1129 2345 1463 2397 necessariae
1521 2345 1793 2397 doctrinae
1851 2346 1907 2396 et

215 2418 501 2486 praecipue
542 2417 608 2469 ad
646 2418 943 2470 custodiam
975 2418 1241 2470 castitatis
1275 2418 1570 2486 aptissimis
1603 2419 1756 2470 valde
1790 2436 1903 2470 sen-

215 2492 401 2544 tentiis
443 2491 844 2544 communitum.

339 2641 360 2679 1
394 2636 558 2680 Bamb.
594 2638 641 2680 et
672 2637 830 2682 Bern.:
863 2636 1190 2681 ecclesiasticis
1322 2641 1348 2679 2
1381 2636 1563 2681 Bamb.:
1597 2635 1694 2680 eius
1724 2620 1902 2692 tempo-v

215 2695 278 2739 ris
395 2701 419 2739 6
453 2696 636 2740 Bamb.:
671 2695 935 2739 committas
1075 2701 1098 2739 7
1132 2694 1316 2739 Bamb.:
1348 2708 1515 2751 parum
1659 2700 1685 2739 8
1718 2695 1906 2738 Bamb.:

215 2754 403 2799 credere
570 2759 595 2798 9
627 2754 788 2800 Bamb.
823 2757 870 2799 et
899 2754 1059 2798 Bern.:
1093 2756 1142 2798 et
1171 2753 1448 2798 immensum
1480 2788 1490 2798 .
1525 2788 1535 2797 .
1566 2756 1724 2798 tenere

218 2819 271 2856 13
297 2813 482 2856 Bamb.:
515 2812 887 2858 Donatianorum
949 2818 1004 2856 22
1030 2812 1214 2857 Bamb.:
1239 2814 1294 2856 ut
1318 2826 1373 2856 ex
1397 2811 1570 2869 scripto
1633 2818 1687 2857 27
1714 2811 1902 2856 Bamb.:

216 2872 568 2916 custodiendam
602 2871 868 2917 castitatem
991 2877 1046 2916 28
1077 2872 1240 2916 Bamb.
1273 2872 1321 2916 et
1350 2870 1506 2916 Bern.:
1541 2871 1806 2916 ordinatum
