1974 3192
155 922 605 982 PRAEFATIO
652 922 760 983 AD
808 922 1221 996 DEXTRUM,
1268 923 1715 986 PRAETORIO

658 1026 1211 1086 PRAEFECTUM.

235 1261 503 1331 Hortaris,
542 1260 757 1330 Dexter,
804 1265 865 1314 ut
910 1262 1286 1331 Tranquillum
1334 1280 1559 1333 sequens
1609 1265 1777 1318 eccle-

87 1336 336 1390 siasticos
378 1336 669 1405 scriptores
715 1336 773 1388 in
814 1337 1056 1389 ordinem
1097 1335 1336 1406 digeram
1377 1340 1452 1406 et,
1502 1338 1643 1406 quod
1682 1339 1775 1391 ille

86 1411 144 1463 in
185 1410 559 1463 enumerandis
606 1410 891 1480 gentilium
937 1410 1240 1463 litterarum
1286 1411 1414 1464 viris
1461 1411 1589 1464 fecit
1637 1412 1777 1465 inlu-

87 1484 313 1553 stribuS‚
362 1501 462 1554 ego
501 1485 559 1537 in
596 1484 796 1537 nostris
842 1483 946 1538 hoc
984 1484 1206 1551 faciam,
1243 1485 1299 1536 id
1339 1487 1442 1553 est,
1482 1488 1544 1538 ut
1582 1505 1613 1538 a
1650 1504 1773 1554 pas-

89 1558 240 1612 sione
287 1556 488 1612 Christi
533 1576 701 1627 usque
749 1558 816 1611 ad
868 1561 1119 1628 quartum
1171 1557 1435 1612 decimum
1481 1559 1774 1612 Theodosii

86 1633 428 1701 imperatoris
485 1651 687 1686 annum
735 1651 921 1686 omnes
971 1633 1062 1702 qui
1125 1632 1188 1684 de
1239 1633 1517 1702 scripturis
1573 1634 1776 1687 sanctis

88 1707 378 1760 memoriae
426 1707 627 1776 aliquid
672 1706 1008 1760 tradiderunt
1064 1707 1168 1759 tibi
1215 1706 1449 1759 breviter
1496 1725 1778 1776 exponam.

88 1779 354 1833 Fecerunt
392 1780 608 1850 quidem
655 1781 758 1834 hoc
803 1781 945 1833 idem
993 1781 1133 1849 apud
1173 1779 1405 1834 Graecos
1444 1780 1777 1850 Hermippus

88 1855 496 1924 peripateticUS,
549 1854 862 1924 Antigonus
919 1853 1220 1925 CarystiUS,
1278 1853 1502 1923 Satyrus
1511 1897 1525 1924 ,
1584 1855 1774 1908 doctus

88 1928 186 1997 vir,
226 1931 280 1981 et
302 1929 461 1998 longe
488 1929 728 1981 omnium
753 1929 1095 1982 doctissimus
1120 1928 1480 1982 Aristoxenus
1520 1930 1773 1983 musicus

87 2001 250 2071 Apud
288 2002 516 2056 Latinos
559 2006 739 2056 autem
779 2002 972 2072 Varro,
1011 2001 1223 2072 Santra,
1261 2002 1469 2072 Nepos,
1507 2003 1775 2073 Hyginus,

88 2079 156 2145 et,
196 2076 263 2129 ad
303 2077 452 2130 cuius
491 2095 590 2130 nos
631 2078 935 2147 exemplum
972 2095 1263 2146 provocas,
1305 2077 1668 2146 Tranquillus,

239 2148 344 2203 Sed
382 2169 494 2204 non
533 2154 614 2204 est
653 2169 774 2204 mea
813 2154 866 2204 et
902 2152 1117 2204 illorum
1151 2151 1341 2204 similis
1375 2151 1631 2204 condiciO.
1685 2150 1775 2203 Illi

90 2224 233 2277 enim
255 2224 513 2278 historias
546 2228 752 2279 veteres
787 2226 1114 2295 annalesque
1138 2225 1456 2294 replicantes
1481 2227 1776 2294 potuerunt

89 2299 242 2368 quasi
283 2297 346 2351 de
385 2299 594 2369 ingenti
632 2303 788 2369 prato
827 2318 937 2353 non
966 2318 1190 2369 parvam
1223 2299 1470 2368 opusculi
1509 2300 1591 2352 sui
1624 2317 1774 2352 coro-

87 2390 215 2425 nam
254 2375 447 2428 texere.
507 2373 652 2444 Ego,
685 2374 813 2443 quid
845 2377 1085 2442 acturuS,
1125 2374 1217 2442 qui
1255 2374 1465 2426 nullum
1503 2374 1778 2442 praevium

19 2474 22 2475 ⁷
91 2464 319 2515 sequens
357 2447 652 2516 pessimum
690 2451 752 2500 ut
790 2447 987 2500 dicitur
1017 2449 1339 2516 magistrum
1370 2451 1569 2500 memet
1600 2448 1774 2516 ipsum

88 2519 301 2574 habeo?
378 2520 716 2590 Quamquam
764 2524 818 2574 et
863 2520 1131 2574 Eusebius
1171 2521 1442 2591 Pamphili
1493 2522 1549 2574 in
1595 2521 1776 2573 decem

6 2631 25 2660 ,ις
91 2594 485 2648 ecclesiasticae
524 2595 780 2649 historiae
819 2595 972 2648 libris
1003 2596 1237 2648 maximo
1268 2595 1426 2649 nobis
1467 2595 1774 2647 adiumento

211 2715 234 2753 1
267 2710 436 2755 Veron.
470 2713 519 2755 et
548 2710 732 2756 Bamb.:
765 2711 966 2756 hortaris
997 2725 1072 2756 me
1196 2717 1219 2756 7
1254 2711 1357 2756 alii:
1390 2711 1694 2771 prodiderunt

93 2774 146 2812 12
178 2768 364 2814 Bamb.:
397 2770 468 2815 vis
500 2784 774 2827 provocare3
807 2770 943 2816 Bern.
975 2772 1023 2815 et
1053 2770 1286 2816 Norimb.:
1320 2771 1390 2816 vis
1423 2784 1589 2828 cogere
1621 2784 1695 2814 me
1729 2770 1779 2815 et

90 2842 342 2884 provocare
496 2835 549 2874 15
581 2844 675 2875 non
706 2831 838 2882 deest
868 2830 916 2874 in
947 2829 1110 2876 Bamb.
1144 2833 1192 2876 et
1223 2831 1356 2875 Bern.
1391 2831 1438 2875 et
1468 2828 1678 2874 Norimb.

10 2898 13 2899 ’
94 2891 147 2931 18
167 2884 264 2932 =5
300 2889 555 2946 Παμφίλου

179 2970 352 3010 Herding
361 2996 370 3014 ,
393 2971 657 3012 Hieronymus.
1396 2968 1417 3006 1

1809 1943 1864 1982 10

1810 2315 1864 2353 15
