1974 3192
733 147 1093 198 —11—

68 265 292 320 Domini
320 263 474 318 XXV
505 282 662 329 anno,
693 263 749 316 id
774 267 871 332 est,
903 264 1132 318 secundo
1155 262 1388 317 Neronis
1422 282 1484 317 eo
1516 266 1756 332 tempore

69 357 173 409 quo
196 338 405 403 FestuS‚
428 340 744 407 procurator
766 338 1013 406 Iudaeae,
1039 337 1297 392 successit
1322 337 1501 407 Felici,
1526 338 1756 391 Romam

68 413 281 467 vinctus
313 412 548 465 mittitur
580 414 634 464 et
663 412 941 465 biennium
972 413 1030 465 in
1058 413 1228 465 libera
1258 429 1481 465 manens
1514 412 1757 466 custodia

68 486 350 540 adversum
374 485 601 539 Iudaeos
635 485 698 537 de
723 485 955 538 adventu
973 485 1176 539 Christi
1200 485 1416 538 cottidie
1444 485 1754 554 disputavit.

69 558 355 614 Sciendum
388 563 567 612 autem
590 560 647 612 in
676 560 852 628 prima
885 559 1256 612 satisfactione
1279 559 1506 612 necdum
1523 559 1753 612 Neronis

67 634 292 703 imperio
316 633 570 686 roborato
601 651 699 687 nec
725 633 783 686 in
808 636 963 686 tanta
987 635 1296 701 erumpente
1322 634 1521 686 scelera
1554 637 1755 702 quanta

68 708 133 760 de
172 725 235 761 eo
273 710 498 760 narrant
534 707 815 775 historiae,
865 705 1092 759 Paulum
1133 725 1165 759 a
1202 705 1420 759 Nerone
1461 706 1756 776 dimissum,

66 784 128 834 ut
174 781 513 851 evangelium
560 779 762 833 Christi
807 780 864 832 in
903 779 1206 833 Occidentis
1253 797 1463 849 quoque
1508 781 1755 848 partibus

65 854 484 924 praedicaretur,
531 854 670 907 sicut
714 853 830 923 ipse
872 854 1060 907 scribit
1103 853 1162 906 in
1201 853 1434 906 secunda
1473 854 1539 907 ad
1578 855 1754 909 Timo-

64 929 251 982 theum
299 946 361 982 eo
401 931 646 997 tempore
695 946 799 996 quo
849 930 903 980 et
938 946 1129 996 passus
1170 929 1274 995 est,
1324 929 1377 979 et
1415 928 1478 979 de
1526 928 1753 981 vinculis

65 1003 237 1055 dictat
283 1002 594 1070 epistulam:
653 1001 744 1054 ‘In
796 1002 971 1070 prima
1017 1019 1136 1054 mea
1176 1000 1544 1054 satisfactione
1596 1020 1756 1055 nemo

64 1076 197 1129 mihi
252 1076 448 1144 adfuit,
512 1076 604 1128 sed
658 1094 842 1129 omnes
897 1094 982 1127 me
1037 1075 1454 1144 dereliquerunt3
1515 1094 1626 1128 non
1681 1077 1756 1128 eis

64 1150 374 1219 imputetur.
443 1149 591 1203 Deus
624 1153 803 1202 autem
836 1149 969 1202 mihi
1006 1149 1180 1202 adfuit
1212 1152 1266 1201 et
1297 1149 1626 1203 confortavit
1657 1168 1756 1215 me,

63 1227 125 1276 ut
161 1242 257 1293 per
294 1242 380 1276 me
419 1224 749 1292 praedicatio
791 1224 1149 1292 compleretur
1188 1227 1243 1276 et
1282 1223 1530 1276 audirent
1569 1242 1755 1276 omnes

65 1301 268 1367 gentes,
309 1300 362 1350 et
392 1298 656 1350 liberatus
699 1316 816 1350 sum
850 1298 914 1350 de
947 1316 1037 1350 ore
1068 1295 1276 1366 leonis',
1314 1297 1755 1351 manifestissime

63 1373 272 1424 leonem
309 1374 531 1440 propter
570 1371 943 1424 crudelitatem
973 1370 1246 1424 Neronem
1286 1371 1615 1439 significans,
1682 1371 1758 1424 Et

65 1446 121 1498 in
161 1445 529 1515 sequentibus:
571 1444 839 1498 ‘liberavit
878 1463 963 1498 me
995 1443 1274 1498 Dominus
1301 1444 1368 1496 ab
1408 1446 1556 1497 omni
1595 1464 1755 1513 opere

62 1519 208 1572 in'alo
250 1522 304 1571 et
337 1520 544 1572 salvum
581 1537 666 1572 me
706 1519 835 1572 fecit
865 1519 923 1571 in
963 1536 1131 1589 regno
1171 1537 1268 1572 suo
1309 1517 1572 1589 caelesti',
1613 1520 1756 1588 quod

62 1593 267 1646 scilicet
319 1611 573 1663 praesens
637 1593 741 1646 sibi
797 1593 1022 1646 sentiret
1086 1593 1364 1646 imminere
1419 1594 1754 1661 martyrium.

61 1665 205 1720 Nam
252 1667 311 1719 in
361 1667 547 1720 eadem
595 1667 826 1736 epistula
863 1667 1236 1736 praemiserat:
1287 1666 1413 1736 ‘ego
1464 1667 1606 1719 enim
1644 1667 1753 1719 iam

60 1741 316 1794 immolor
354 1744 407 1794 et
445 1744 658 1810 tempus
704 1742 1051 1795 resolutionis
1091 1759 1242 1794 meae
1282 1739 1487 1793 instat?
1552 1740 1628 1793 Et
1665 1741 1754 1793 hic

61 1831 192 1884 ergo
241 1817 432 1884 quarto
489 1815 693 1868 decimo
751 1833 891 1868 anno
947 1814 1182 1868 Neronis
1231 1814 1418 1868 eodem
1475 1814 1585 1883 die,
1649 1834 1753 1884 quo

61 1888 270 1958 Petrus,
293 1888 497 1941 Romae
521 1907 618 1958 pro
647 1886 865 1943 Christo
892 1889 1066 1958 capite
1088 1891 1385 1958 truncatur,
1409 1889 1754 1957 sepultusque

60 1965 144 2015 est
168 1963 225 2015 in
249 1963 335 2016 via
360 1963 586 2016 ostiensi
610 1982 752 2016 anno
768 1966 894 2032 post
917 1963 1228 2032 passionem
1245 1961 1466 2015 Domini
1478 1961 1756 2016 XXXVII.

211 2035 436 2106 Scripsit
474 2040 654 2090 autem
691 2055 887 2090 novem
926 2037 993 2090 ad
1025 2036 1132 2090 VII
1171 2037 1421 2090 ecclesias
1468 2036 1751 2104 epistulas:

61 2110 128 2163 ad
176 2110 452 2164 Romanos
500 2130 685 2180 unam,
735 2111 803 2164 ad
851 2110 1161 2164 Corinthios
1210 2111 1365 2180 duas,
1412 2110 1479 2162 ad
1527 2108 1749 2163 Galatas

60 2203 246 2254 unam,
284 2185 352 2237 ad
389 2184 660 2254 Ephesios
700 2204 887 2254 unam,
927 2185 992 2238 ad
1031 2184 1408 2254 Philippenses
1448 2202 1636 2253 unam,
1684 2185 1751 2237 ad

61 2256 407 2312 Colossenses
439 2277 620 2328 unam,
651 2259 719 2312 ad
751 2258 1252 2313 Thessalonicenses
1286 2259 1440 2329 duas3
1471 2262 1751 2327 praeterea

59 2331 128 2385 ad
168 2331 458 2402 discipulos
501 2351 640 2402 suos,
681 2333 964 2387 Timotheo
1006 2334 1154 2403 duaS,
1192 2332 1314 2385 Tito
1355 2351 1534 2402 unam,
1574 2332 1750 2386 Phile-

178 2512 206 2551 4
237 2507 420 2552 Bamb.:
453 2507 727 2564 disputabat
854 2514 879 2552 9
912 2508 1145 2554 Norimb.:
1186 2508 1374 2566 scripsit
1510 2506 1674 2554 Bamb.
1708 2508 1755 2551 et

59 2567 290 2612 Norimb.:
322 2567 372 2611 in
403 2581 492 2612 sec.
526 2567 728 2624 epistula
759 2567 814 2612 cf.
842 2567 959 2612 Tim.
986 2573 1027 2623 4,
1055 2574 1110 2612 16
1205 2574 1256 2612 11
1291 2567 1523 2612 Norimb.:
1556 2566 1755 2610 dictavit

63 2631 117 2671 16
140 2626 303 2671 Bamb.
336 2627 385 2670 et
407 2625 617 2671 Norimb.
643 2630 691 2672 et
722 2626 878 2672 Bern.:
913 2628 959 2671 et
990 2626 1039 2671 in
1072 2626 1394 2684 sequentibus:
1427 2625 1648 2670 liberavit
1678 2626 1753 2669 me

59 2685 182 2730 Deus
222 2685 281 2730 de
320 2699 397 2729 ore
435 2685 596 2731 leonis.
667 2687 728 2731 Et
765 2685 946 2730 statim:
993 2686 1214 2731 liberavit
1251 2700 1325 2730 me
1363 2686 1488 2730 Deus
1528 2684 1587 2728 ab
1627 2684 1753 2729 omni

60 2758 198 2801 opere
230 2744 355 2788 malo
396 2746 444 2790 et
481 2745 681 2790 salvavit
710 2745 761 2790 in
799 2759 994 2802 regnum
1025 2760 1159 2790 suum
1191 2746 1402 2791 caeleste.
1466 2744 1561 2787 Alii
1590 2743 1755 2800 legunt

59 2817 144 2859 pro
159 2803 377 2848 liberavit
393 2806 441 2849 et
456 2804 678 2850 salvavit:
695 2804 913 2850 liberabit
930 2806 977 2849 et
992 2805 1190 2850 salvabit
1206 2806 1261 2850 cf.
1279 2805 1450 2862 Migne.
1498 2807 1555 2847 24
1567 2801 1752 2847 Bamb.:

0 2883 6 2885 f
60 2863 254 2918 ostensi3
286 2862 418 2908 Vat.:
448 2863 658 2909 hostensi

1791 942 1843 980 10

1791 1307 1843 1347 15

1788 1677 1843 1716 20

1786 2052 1840 2091 25
