1974 3192
881 180 1236 231 „15—

216 298 487 367 pertinace
541 296 680 348 redit
724 295 1002 364 Ephesum
1054 296 1237 365 ibique
1283 314 1449 366 usque
1503 295 1571 348 ad
1610 295 1901 349 Traianum
1960 333 1974 372 5

216 371 510 439 principem
573 386 919 437 perseverans
981 368 1230 422 fundavit
1298 372 1352 422 et
1420 370 1589 423 erexit
1651 369 1900 423 ecclesias
1962 386 1974 425 ξ

219 444 598 512 confectasque
624 443 773 496 senio
799 445 853 495 et
873 443 1205 512 sexagesimo
1231 445 1419 496 octavo
1444 446 1569 512 post
1590 444 1901 512 passionem
1962 427 1974 480 ³·

217 516 439 570 Domini
464 535 604 570 anno
629 519 872 569 mortuus
905 516 1055 568 iuxta
1080 516 1305 569 eandem
1328 517 1515 570 urbem
1540 517 1780 586 sepultus
1805 519 1904 571 est.
1957 522 1963 577 j

128 691 154 730 5
933 667 1069 741 Cap.
1109 667 1184 723 X.

364 781 627 850 Herman,
691 781 839 835 cuius
904 781 1180 851 apostolus
1234 780 1433 833 Paulus
1496 781 1563 834 ad
1623 780 1900 835 Romanos

218 856 453 909 scribens
501 855 776 908 meminit:
825 854 1086 908 ‘salutate
1124 853 1494 924 Asyncritum‚
1532 854 1905 926 Phlegontem‚

216 930 505 995 Patroban‚
536 929 780 983 Herman
805 931 858 982 et
881 930 974 999 qui
999 948 1118 982 cum
1142 928 1208 980 iis
1243 932 1371 982 sunt
1394 928 1625 997 fratres',
1658 933 1906 983 asserunt

218 1007 490 1058 auctorem
546 1022 661 1056 esse
708 1003 834 1056 libri
883 1004 974 1073 qui
1021 1003 1325 1072 appellatur
1372 1001 1603 1056 ‘Pastor'
1655 1005 1708 1055 et
1762 1003 1906 1073 apud

132 1097 186 1137 10
218 1079 476 1148 quasdam
517 1076 773 1130 Graeciae
822 1077 1071 1130 ecclesias
1122 1076 1285 1130 etiam
1331 1077 1543 1145 publice
1583 1077 1804 1146 legitur,
1849 1095 1906 1130 re

217 1170 343 1206 vera
381 1151 529 1205 utilis
568 1151 725 1219 liber,
780 1151 1040 1220 multique
1088 1150 1150 1203 de
1192 1168 1253 1203 eo
1302 1150 1624 1220 scriptorum
1663 1154 1906 1204 veterum

217 1243 542 1294 usurpavere
589 1225 922 1294 testimonia,
974 1224 1065 1277 sed
1114 1223 1255 1293 apud
1300 1223 1497 1277 latinos
1542 1242 1713 1294 paene
1750 1225 1906 1314 igno

215 1303 304 1353 tus
345 1303 440 1353 est.

920 1375 1054 1450 Cap.
1094 1375 1207 1433 XI.

136 1495 187 1534 15
368 1476 525 1530 Philo
565 1477 819 1546 Iudaeus,
865 1476 1088 1529 natione
1127 1474 1526 1528 Alexandrinus
1537 1517 1551 1545 ,
1600 1476 1664 1528 de
1712 1493 1906 1545 genere

223 1550 558 1604 sacerdotum
598 1551 796 1604 idcirco
848 1570 880 1603 a
924 1549 1083 1603 nobis
1131 1550 1273 1602 inter
1322 1549 1609 1618 scriptores
1661 1550 1908 1604 ecclesia-

222 1624 386 1677 sticos
409 1625 646 1695 ponitur,
672 1625 809 1695 quia*
829 1625 1031 1677 librum
1055 1624 1119 1676 de
1142 1623 1318 1692 prima
1343 1622 1512 1676 Marci
1544 1625 1908 1694 evangelistae

220 1698 362 1766 apud
386 1698 772 1752 Alexandriam
797 1698 1024 1751 ecclesia
1050 1698 1292 1751 scribens
1324 1697 1381 1749 in
1410 1700 1721 1752 nostrorum
1751 1699 1908 1752 laude

219 1776 461 1826 versatus
503 1776 586 1826 est
623 1791 735 1826 non
775 1773 951 1826 solum
986 1790 1078 1825 eos
1117 1772 1208 1841 ibi,
1249 1771 1339 1824 sed
1377 1772 1435 1823 in
1473 1772 1658 1825 multis
1698 1790 1909 1842 quoque

131 1865 187 1903 20
219 1846 510 1914 provinciis
551 1865 668 1899 esse
707 1865 1013 1899 memorans
1064 1849 1119 1898 et
1155 1845 1468 1898 habitacula
1507 1864 1691 1899 eorum
1730 1846 1907 1900 dicens

219 1921 562 1974 monasteria.
645 1921 731 1973 Ex
778 1939 882 1990 quo
931 1923 1157 1989 apparet
1201 1919 1366 1972 talem
1411 1919 1645 1988 primum
1693 1918 1908 1975 Christo

220 1993 548 2047 credentium
579 1995 745 2047 fuisse
779 1995 1073 2062 ecclesiam,
1113 1994 1296 2063 quales
1335 2012 1477 2046 nunc
1509 1993 1760 2047 monachi
1791 1995 1907 2047 imi·
1967 2052 1974 2057 ,

218 2071 402 2120 tantur
448 2071 502 2120 et
550 2069 795 2138 cupiunt,
849 2071 910 2120 ut
947 2068 1085 2120 nihil
1135 2067 1452 2136 cuiusquam
1496 2068 1776 2137 proprium
1823 2068 1909 2138 sit,

219 2142 397 2194 nullus
429 2142 571 2195 inter
602 2160 693 2195 eos
729 2142 890 2211 diveS‚
919 2142 1100 2194 nullus
1132 2160 1352 2211 pauper,
1389 2141 1720 2210 patrimonia
1750 2159 1907 2212 egen-

132 2232 188 2273 25
220 2216 364 2268 tibus
398 2216 716 2285 dividantur,
757 2216 992 2270 orationi
1024 2219 1242 2269 vacetur
1273 2218 1326 2268 et
1346 2215 1599 2285 <psalmis7
1632 2216 1908 2269 doctrinae

222 2307 430 2359 quoque
463 2292 516 2342 et
548 2290 927 2358 continentiae,
968 2290 1152 2359 quales
1194 2292 1248 2342 et
1276 2289 1449 2342 Lucas
1481 2289 1645 2342 refert
1674 2291 1908 2359 primum

219 2362 631 2432 Hierosolymae
671 2365 835 2417 fuisse
875 2363 1165 2417 credentes.
1239 2362 1408 2416 Aiunt
1444 2364 1588 2416 hunc
1628 2364 1727 2417 sub
1769 2362 1908 2416 Gali-

221 2437 348 2506 gula
402 2438 606 2491 Romae
659 2438 1044 2507 periclitatum,
1107 2456 1211 2507 quo
1275 2438 1486 2507 legatus
1543 2438 1717 2507 gentis
1781 2443 1908 2491 suae

220 2511 416 2564 missus
454 2515 591 2582 erat3
631 2531 750 2565 cum
792 2512 1026 2565 secunda
1065 2529 1190 2564 vero
1229 2511 1344 2564 vioe
1377 2512 1612 2565 venisset
1650 2511 1716 2564 ad
1750 2509 1908 2565 Clau·
1943 2516 1947 2518 ’

132 2605 189 2644 30
222 2585 390 2654 dium,
444 2586 501 2637 in
555 2586 738 2639 eadem
788 2587 919 2639 urbe
973 2586 1214 2638 locutum
1266 2585 1432 2639 fuisse
1487 2603 1608 2638 cum
1662 2587 1908 2654 apostolo

220 2659 380 2712 Petro
429 2659 648 2729 eiusque
694 2660 947 2713 habuisse
987 2660 1251 2712 amicitias
1292 2662 1346 2712 et
1392 2660 1460 2712 ob
1499 2659 1637 2712 hanc
1689 2678 1907 2713 causam

339 2780 364 2818 2
399 2775 479 2819 aL:
511 2775 634 2820 rexit
753 2781 778 2819 6
811 2775 867 2820 cf.
899 2776 1031 2822 Rom.
1068 2781 1136 2828 16,
1172 2780 1227 2820 14
1347 2780 1402 2819 22
1434 2775 1597 2819 Bamb.
1623 2775 1672 2820 et
1700 2774 1835 2821 Bern.
1862 2777 1910 2820 et

220 2834 593 2939 {offimggesisse
632 2834 876 2880 imitantur
1003 2840 1058 2879 27
1092 2835 1174 2879 aL:
1215 2834 1331 2880 Gaio
1371 2834 1585 2892 Caligula
1711 2839 1767 2880 28
1799 2848 1910 2880 vero
