1974 3192
882 139 947 220 '-
1031 184 1243 237 80-

225 303 612 371 scripturarum
642 298 792 367 VIII,
832 318 966 369 quas
1006 317 1112 352 uno
1151 300 1422 353 volumine
1462 301 1738 355 conclusit.
1805 301 1911 354 Ex-

223 376 403 445 posuit
442 376 495 426 et
533 373 885 442 apocalypsin
914 373 1174 426 Iohannis
1214 391 1278 425 ex
1317 374 1549 444 integro,
1586 374 1722 428 nihil
1753 375 1810 427 in
1849 394 1913 428 ea

225 449 459 516 carnale,
511 446 602 499 scd
648 448 825 499 totum
872 446 1178 516 intelligens
1226 447 1481 515 spiritale.
1556 447 1623 500 In
1673 466 1777 518 qua
1823 467 1911 501 ex-

224 521 493 591 positione
533 519 668 572 dixit
701 520 1000 589 angelicam
1039 521 1306 573 rationem
1337 538 1528 588 corpus
1571 539 1699 574 esse.
1762 520 1911 574 Mille

166 608 192 646 5
226 612 434 664 quoque
475 611 740 646 annorum
779 594 930 663 regni
981 594 1039 646 in.
1084 597 1228 646 terra
1266 594 1532 646 iustorum
1578 598 1705 662 post
1741 613 1914 648 resur-

224 669 516 721 rectionem
569 666 740 719 futuri
795 667 1153 735 suspicionem
1213 667 1364 735 tulit,
1426 685 1599 736 neque
1662 668 1796 721 duas
1857 669 1912 721 in

228 759 388 794 carne
412 743 748 794 mortuorum
771 741 1189 794 resurrectiones
1214 740 1439 809 futuraS,
1462 759 1626 794 unam
1650 741 1915 795 iustorum

227 820 282 869 et
320 815 547 867 alteram
585 814 932 882 iniustorum,
972 814 1066 867 sed
1102 833 1266 867 unam
1314 817 1369 866 et
1406 814 1629 867 insemel
1677 815 1915 868 omnium

225 890 282 941 in
329 907 436 958 qua
482 891 764 957 resurgent
813 889 973 941 etiam
1024 889 1272 957 abortivi,
1311 888 1619 957 deformati,
1671 906 1740 941 ne
1788 890 1915 958 quid

140 975 194 1014 10
226 963 449 1015 humani
512 962 723 1031 generis
786 962 1143 1014 deformatum
1199 965 1253 1014 et
1314 963 1612 1014 animatum
1673 962 1916 1028 intereat,

228 1036 479 1089 ostendit.
555 1035 972 1088 Distinctionem
1018 1054 1146 1088 sane
1187 1035 1410 1087 duarum
1461 1036 1915 1089 resurrectionum

227 1111 303 1162 ita
340 1110 487 1178 facit,
519 1113 579 1162 ut
609 1110 853 1178 primam,
886 1127 1047 1178 quam
1078 1110 1343 1161 iustorum
1374 1109 1735 1178 Apocalypsis
1774 1110 1918 1180 dicit,

229 1184 506 1236 credamus
546 1182 708 1236 modo
748 1183 804 1234 in
837 1183 1092 1235 ecclesiae
1131 1182 1461 1235 incremento
1501 1183 1605 1252 agi,
1643 1183 1736 1235 ubi
1767 1184 1916 1236 iusti—

227 1257 372 1310 ficati
411 1275 508 1325 per
545 1256 703 1309 fidem
746 1275 778 1309 a
822 1256 1121 1309 morticinis
1173 1258 1515 1325 peccatorum
1565 1274 1784 1309 suorum
1821 1276 1919 1327 per

142 1341 195 1380 15
227 1331 557 1399 baptismum
608 1330 675 1382 ad
720 1330 864 1383 vitae
916 1333 1164 1382 aeternae
1213 1329 1539 1398 stipendium
1580 1331 1916 1400 suscitantur,

228 1404 517 1457 secundam
579 1422 706 1456 vero
770 1404 1089 1473 generaliter
1143 1404 1319 1457 omnis
1380 1404 1661 1456 hominum
1723 1405 1918 1458 carnis

228 1478 438 1530 Floruit
483 1477 570 1530 hic
618 1477 700 1530 vir
739 1480 937 1546 aetate,
985 1496 1090 1547 qua
1137 1481 1263 1530 ante
1311 1480 1638 1531 memoratus
1678 1478 1918 1548 Rufinus,

227 1551 530 1604 Theodosio
572 1554 626 1604 et
665 1551 787 1603 filiis
828 1551 941 1604 eius
980 1551 1348 1622 regnantibus,

894 1687 1030 1762 Cap.
1085 1687 1265 1745 XIX.

140 1799 196 1839 20
375 1786 602 1840 Severus
651 1788 958 1857 presbyter,
1012 1791 1370 1856 cognomento
1424 1786 1713 1857 Sulpicius,
1752 1787 1918 1859 Aqui-

228 1862 435 1915 tanicae
482 1861 811 1930 provinciae,
867 1862 949 1915 vir
1000 1879 1198 1945 genere
1253 1865 1307 1914 et
1361 1860 1558 1914 litteris
1613 1862 1811 1915 nobilis
1866 1866 1920 1915 et

228 1936 563 2018 paupertatis
605 1953 787 1987 amore
827 1936 1169 2004 conspicuUS,
1209 1953 1364 1988 carus
1405 1935 1567 1987 etiam
1608 1939 1917 1989 sanctorum

228 2009 489 2077 virorum,
550 2007 797 2076 Martini,
869 1977 1196 2062 Turonensis
1266 2010 1503 2077 episcopi
1582 2012 1636 2060 et
1703 2008 1919 2063 Paulini

229 2081 454 2150 Nolani,
509 2083 728 2150 scripsit
780 2100 893 2136 non
956 2082 1346 2136 contemnenda
1406 2083 1674 2150 opuscula.
1773 2081 1917 2137 Nam

142 2167 197 2211 25
230 2156 489 2224 epistulas
531 2155 618 2208 ad
659 2173 895 2209 amorem
931 2155 1035 2208 Dei
1075 2159 1128 2208 et
1167 2159 1535 2224 contemptum
1574 2156 1759 2209 mundi
1797 2156 1918 2211 hor-

227 2228 477 2283 tatorias'
525 2229 741 2298 scripsit
787 2229 959 2282 sorori
1006 2248 1132 2282 suae
1187 2230 1385 2282 multas
1395 2272 1429 2300 ,⁵
1467 2248 1603 2299 quae
1656 2234 1710 2282 et
1755 2233 1918 2284 notae

230 2305 368 2356 sunt.
455 2300 683 2371 Scripsit
731 2303 798 2355 ad
848 2322 1011 2372 supra
1065 2303 1266 2356 dictum
1312 2302 1598 2356 Paulinum
1644 2302 1917 2358 Nolanum

229 2377 362 2429 duas
401 2379 455 2429 et
502 2376 569 2428 ad
609 2377 744 2430 alios
791 2376 939 2430 alias
1018 2375 1121 2430 Sed
1170 2377 1295 2447 quia
1333 2377 1391 2429 in
1438 2377 1706 2446 aliquibus
1753 2378 1917 2431 etiam

228 2450 511 2503 familiaris
544 2451 836 2503 necessitas
861 2452 1063 2504 inserta
1094 2455 1191 2520 est,
1229 2470 1341 2504 non
1373 2450 1702 2521 digeruntur.
1762 2449 1916 2505 Com-

141 2541 198 2580 30
228 2524 412 2592 posuit
436 2527 491 2576 et
515 2523 821 2577 ‘chronica'.
870 2523 1097 2594 Scripsit
1121 2529 1175 2578 et
1210 2525 1277 2578 ad
1300 2525 1591 2578 multorum
1615 2524 1917 2594 profectum

230 2597 417 2650 ‘vitam
467 2598 613 2650 beati
650 2597 911 2667 Martini',
957 2598 1208 2652 monachi
1255 2602 1309 2651 et
1349 2598 1607 2668 episcopi,
1654 2599 1822 2669 signis
1864 2603 1918 2652 et

228 2671 489 2741 prodigiis
537 2690 598 2724 ac
644 2672 933 2724 virtutibus
979 2673 1224 2725 inlustris
1264 2672 1382 2741 viri,
1431 2674 1487 2724 et
1534 2672 1915 2726 ‘conlationem

347 2777 375 2815 4
407 2772 534 2817 Vat.:
568 2772 818 2818 stationem
969 2778 996 2818 8
1028 2773 1210 2818 Bamb.:
1245 2772 1388 2817 aliam
1529 2772 1661 2818 Vat.:
1692 2773 1741 2817 in
1773 2774 1917 2819 semel

230 2829 316 2885 (εἰς
346 2826 513 2887 ἅπαξ);
547 2831 728 2877 Bamb.:
765 2834 813 2876 et
842 2833 953 2876 tunc
985 2832 1130 2876 semel
1309 2836 1334 2875 9
1367 2830 1552 2877 Bamb.:
1587 2834 1783 2889 surgunt

233 2894 286 2934 18
317 2890 503 2935 Bamb.:
536 2891 630 2935 filio
752 2895 808 2935 22
843 2890 1030 2936 Bamb.:
1064 2894 1205 2947 atque
1237 2890 1517 2935 humilitatis
