1974 3192
755 176 1115 229 „39-

83 294 240 363 illud,
299 293 364 346 de
421 293 713 347 immortali
770 294 988 362 ingenio
1044 294 1157 347 eius
1211 312 1323 347 non
1376 297 1584 363 tacenS,
1638 294 1780 363 quod

85 367 446 436 dialecticam,
491 366 913 435 arithmeticam,
952 368 1236 437 musicam,
1277 368 1686 438 grammaticam
1726 371 1782 421 et

85 441 411 494 rhetoricam
436 440 782 510 omniumque
806 440 1254 510 philosophorum
1279 445 1452 495 sectas
1476 443 1554 495 ita
1580 441 1782 510 didicit,

86 518 148 567 ut
186 514 455 567 studiosos
495 532 706 584 quoque
755 514 1107 567 saecularium
1146 515 1450 568 litterarum
1490 518 1781 568 sectatores

86 588 315 641 haberet
354 590 410 640 et
431 588 875 656 interpretaretur
898 588 975 640 eis
1012 587 1246 657 cottidie,
1284 606 1680 658 concursusque
1713 588 1780 641 ad
1811 601 1840 641 5

86 679 210 715 eum
233 662 367 714 mire
397 661 599 714 fierent.
658 661 805 724 Quos
829 661 920 714 ille
944 664 1226 730 propterea
1255 662 1563 731 recipiebat,
1594 665 1656 715 ut
1680 662 1781 715 sub

87 735 373 789 occasione
399 734 688 788 saecularis
713 735 1053 787 litteraturae
1076 735 1135 786 in
1157 732 1263 787 fide
1280 733 1484 789 Christi
1508 739 1784 788 statueret.

85 807 171 862 De
195 808 511 862 crudelitate
534 811 714 861 autem
743 807 1147 877 persecutioniS,
1172 827 1307 877 quae
1333 809 1612 862 adversum
1629 807 1783 863 Chri-

85 883 294 935 stianos
342 883 441 935 sub
479 881 648 935 Decio
695 882 1032 935 consurrexit
1076 900 1140 934 co
1180 882 1322 951 quod
1362 883 1421 935 in
1466 883 1784 952 religionem

87 955 326 1024 Philippi
365 955 683 1024 desaeviret,
731 972 887 1023 quem
926 955 1293 1024 interfecerat,
1334 956 1659 1024 superfluum
1698 959 1783 1008 est
1815 970 1872 1010 10

85 1029 288 1098 dicere,
334 1047 456 1082 cum
502 1029 666 1081 etiam
711 1027 983 1081 Fabianus
993 1070 1006 1098 ,
1052 1028 1328 1088 Romanae
1377 1030 1629 1082 ecclesiae
1678 1030 1786 1098 epi-

87 1121 282 1172 scopus
328 1103 386 1155 in
439 1103 559 1171 ipsa
611 1103 941 1171 occubuerit,
997 1105 1050 1155 et
1087 1102 1396 1156 Alexander
1442 1106 1496 1156 et
1533 1102 1786 1172 Babylaffi

86 1176 590 1246 Hierosolymorum
626 1179 680 1230 et
702 1176 1076 1230 Antiochenae
1108 1177 1364 1230 eeclesiae
1395 1177 1696 1246 pontificeS,
1727 1176 1787 1228 in

86 1268 298 1304 carcere
345 1269 443 1319 pro
483 1250 819 1304 confessione
861 1250 1191 1304 dormierint.
1267 1250 1342 1304 Et
1380 1252 1426 1304 si
1466 1251 1584 1320 quis
1626 1268 1786 1318 super

88 1323 340 1394 Origenis
390 1326 534 1377 statu
582 1325 716 1378 scire
769 1325 1002 1377 voluerit
1048 1323 1179 1394 quid
1229 1327 1409 1378 actum
1466 1325 1558 1392 sit,
1609 1324 1783 1393 primo
1820 1338 1874 1377 15

88 1398 304 1467 quidem
343 1397 407 1450 de
446 1398 688 1467 epistulis
731 1399 873 1466 eius,
912 1416 1046 1466 quae
1085 1401 1210 1468 post
1246 1398 1677 1467 persecutionem
1718 1397 1785 1449 ad

89 1472 331 1525 diversos
393 1471 592 1525 missae
648 1476 794 1540 sunt,
856 1472 1048 1525 deinde
1113 1475 1167 1525 et
1228 1472 1291 1525 de
1355 1475 1505 1526 sexto
1560 1470 1787 1524 Eusebii

97 1544 463 1600 Caesariensis
503 1546 895 1599 ecclesiasticae
924 1545 1182 1598 historiae
1213 1546 1351 1599 libro
1385 1548 1440 1599 et
1469 1564 1566 1615 pro
1600 1544 1788 1599 eodem

90 1617 326 1689 Origene
366 1637 460 1672 sex
498 1619 863 1674 voluminibus
904 1619 1079 1689 possit
1115 1620 1319 1689 liquido
1360 1637 1699 1690 cognoscere.

239 1692 391 1747 Vixit
422 1711 590 1762 usque
624 1694 692 1747 ad
728 1692 946 1748 Gallum
978 1696 1031 1746 et
1062 1692 1436 1763 Volusianum,
1475 1693 1530 1746 id
1562 1696 1657 1761 est,
1697 1710 1782 1745 us·
1817 1706 1877 1746 20

90 1784 194 1836 que
250 1766 317 1819 ad
363 1766 540 1820 LXIX
586 1768 781 1821 aetatis
837 1785 966 1821 suae
1021 1786 1245 1832 annum,
1302 1771 1355 1821 et
1411 1770 1656 1821 mortuus
1705 1768 1789 1819 est

91 1840 242 1910 Tyri,
280 1841 339 1894 in
380 1859 485 1911 qua
523 1842 654 1895 urbe
695 1845 749 1894 et
788 1842 1030 1910 sepultus
1071 1844 1169 1896 est.

792 2007 927 2081 Cap.
974 2006 1031 2064 L
1046 2006 1107 2065 V.

242 2121 578 2189 AmmoniuS,
610 2121 692 2174 vir
723 2121 956 2174 disertus
990 2123 1044 2174 et
1073 2121 1229 2174 valde
1262 2121 1501 2174 eruditus
1533 2121 1591 2173 in
1621 2119 1793 2189 philo·

94 2194 304 2264 sophia,
329 2195 517 2248 eodem
553 2198 792 2265 tempore
824 2195 1181 2248 Alexandriae
1221 2196 1396 2249 clarus
1434 2194 1652 2247 habitus
1694 2195 1790 2246 est.
1823 2209 1882 2248 25

95 2267 200 2332 Qui
245 2269 388 2322 inter
433 2269 604 2322 multa
649 2269 856 2339 ingenii
902 2269 986 2322 sui
1025 2273 1079 2322 et
1123 2270 1402 2339 praeclara
1439 2270 1791 2323 monumenta

95 2343 260 2396 etiam
291 2343 355 2397 dc
387 2342 745 2396 consonantia
774 2341 955 2412 Moysi
990 2346 1045 2396 et
1075 2342 1198 2397 Iesu
1230 2361 1364 2413 opus
1397 2344 1616 2413 elegans
1651 2359 1792 2394 com-

95 2416 280 2486 posuit
319 2419 374 2470 et
405 2415 748 2486 evangelicos
782 2434 1015 2470 canones
1056 2417 1397 2487 excogitavit,
1437 2434 1572 2487 quos
1602 2417 1792 2484 postea

98 2493 312 2543 secutus
353 2493 436 2543 est
465 2489 735 2543 Eusebius
770 2489 1148 2544 Caesariensis.
1209 2490 1369 2543 Hunc
1400 2490 1540 2543 falso
1574 2490 1792 2542 accusat

94 2563 454 2634 PorphyriuS,
499 2564 641 2633 quod
688 2582 752 2616 ex
792 2562 1099 2618 Christiano
1148 2565 1395 2618 ethnicus
1434 2563 1618 2631 fuerit,
1669 2579 1791 2614 cum
1825 2579 1883 2618 30

216 2714 244 2752 2
269 2708 430 2754 Bamb.
458 2710 506 2754 et
529 2708 764 2754 Nor-imb.:
797 2708 1094 2754 dialecticam
1118 2722 1302 2766 quoque
1335 2710 1383 2753 et
1405 2706 1716 2764 geometriam
1747 2707 1796 2751 et

99 2773 125 2812 6
156 2767 306 2812 Bamb
331 2785 341 2811 :
373 2768 537 2812 fierent
568 2767 774 2823 mirifici3
806 2768 1042 2814 Norimb.:
1073 2769 1266 2813 mirifice
1290 2768 1455 2812 fierent
1550 2771 1574 2810 7
1607 2765 1794 2810 Bamb.:

97 2826 147 2870 in
177 2827 269 2871 fide
300 2825 475 2872 Christi
505 2841 583 2872 eos
606 2827 876 2883 instrueret3
909 2827 1066 2873 Bern.:
1091 2826 1356 2872 institueret
1479 2830 1532 2869 15
1565 2825 1647 2870 aL:
1678 2823 1798 2869 velit

98 2885 263 2930 Bamb.
297 2887 346 2930 et
375 2885 607 2931 Norimb.:
639 2886 844 2943 primum
