1974 3192
914 197 1272 250 -32-

252 316 482 385 epistula
532 333 692 383 super
738 313 1074 368 ordinatione
1113 313 1451 382 Asclepiadis
1498 313 1821 367 confessoris
1867 313 1934 367 ad

252 388 646 441 Antiochenses
680 385 1107 456 congratulantis
1147 387 1241 456 eis,
1278 388 1337 439 in
1374 405 1479 456 qua
1515 387 1671 456 ponit
1705 387 1765 440 in
1803 386 1935 440 fine:

252 462 402 515 ‘haec
453 461 621 530 vobis,
674 460 878 513 domini
917 478 980 514 ac
1018 459 1236 529 fratreS,
1287 460 1489 530 scripta
1539 460 1936 514 transmisimus

249 554 347 604 per
385 535 601 587 beatum
643 532 971 587 Clementem
1008 534 1399 603 presbyterum,
1440 534 1616 586 virum
1653 534 1937 588 inlustrem

194 624 219 663 5
253 612 306 661 et
343 608 644 678 probatum,
685 626 841 677 quem
881 625 977 661 vos
1018 625 1227 676 quoque
1267 606 1416 661 scitis
1456 610 1511 660 et
1547 625 1690 661 nunc
1727 607 1937 676 plenius

252 682 611 752 cognoscetis;
660 682 752 750 qui
783 700 905 734 cum
943 681 1048 734 huc
1086 681 1321 734 venisset
1357 681 1508 733 iuxta
1545 681 1939 750 providentiam

253 758 307 808 et
359 756 728 810 visitationem
779 754 901 824 Dei,
956 755 1295 808 confirmavit
1348 758 1403 807 et
1457 755 1608 808 auxit
1661 755 1938 809 ecclesiam

253 828 511 884 Domini'.
588 827 819 882 Constat
857 828 1135 898 Originem
1181 828 1339 882 huius
1386 828 1551 881 fuisse
1601 828 1937 898 discipulum.

253 902 461 957 Floruit
493 906 673 956 autem
699 902 879 956 Severi
911 905 964 955 et
986 901 1268 971 Antonini,
1299 902 1394 954 filii
1426 903 1555 966 eiuS,
1586 902 1937 971 temporibus.

166 1074 219 1113 10
843 1053 977 1128 Cap.
1031 1053 1346 1110 XXXIX.

400 1167 695 1238 Miltiades,
739 1167 889 1220 cuius
927 1165 1162 1220 Rhodon
1198 1167 1255 1220 in
1303 1184 1461 1235 opere
1501 1185 1620 1232 su0,
1670 1167 1812 1238 quod
1852 1168 1940 1221 ad·

252 1259 464 1295 versum
496 1241 830 1310 Montanum,
861 1241 1101 1293 Priscam
1133 1239 1592 1310 Maximillamque
1625 1243 1943 1311 composuit,

252 1316 562 1369 recordatus
596 1318 691 1384 est,
731 1314 946 1384 scripsit
977 1317 1163 1367 contra
1202 1314 1418 1368 eosdem
1448 1315 1701 1368 volumen
1738 1316 1939 1383 praeci-

253 1408 439 1458 puum,
480 1392 534 1442 et
573 1389 855 1442 adversum
895 1390 1081 1458 gentes
1120 1387 1452 1458 Iudaeosque
1491 1389 1658 1441 libros
1699 1389 1849 1458 alios,
1887 1393 1940 1443 et

170 1478 222 1517 15
256 1463 585 1532 principibus
617 1463 763 1515 illius
795 1462 1055 1530 temporis
1089 1461 1487 1532 apologeticum
1520 1461 1679 1515 dedit.
1735 1461 1777 1515 F
1779 1463 1943 1516 loruit

255 1536 423 1590 Marci
463 1536 731 1590 Antonini
773 1534 1159 1604 Commodique
1197 1536 1544 1605 temporibus

940 1687 1075 1762 Cap.
1129 1686 1259 1745 XL.

400 1802 738 1872 Apollonius,
761 1802 844 1855 vir
861 1802 1260 1872 disertissimus,
1286 1801 1500 1871 scripsit
1516 1801 1770 1854 adversus
1787 1799 1940 1854 Mon-

252 1880 463 1945 tanum,
518 1876 756 1930 Priscam
818 1879 872 1929 et
924 1875 1280 1929 Maximillam
1338 1875 1550 1946 insigne
1605 1878 1659 1928 et
1717 1874 1943 1945 longum

166 1965 222 2004 20
255 1951 522 2020 volumen,
562 1969 668 2020 quo
709 1950 903 2003 asserit
933 1949 1254 2003 Montanum
1294 1953 1347 2002 et
1377 1950 1597 2002 insanas
1637 1951 1789 2002 vates
1830 1949 1942 2001 eius

253 2025 454 2093 perisse
494 2025 806 2093 suspendio,
857 2026 912 2075 et
949 2024 1121 2076 multa
1160 2024 1288 2089 alia,
1327 2024 1382 2076 in
1422 2022 1615 2092 quibus
1657 2022 1719 2075 de
1758 2021 1943 2076 Prisca

254 2101 308 2151 et
346 2097 643 2151 Maximilla
681 2098 868 2151 refert:
917 2096 983 2150 ‘si
1021 2101 1224 2167 negant
1262 2115 1352 2150 eas
1401 2096 1668 2166 accepisse
1706 2114 1944 2166 munera,

255 2172 611 2224 confiteantur
677 2190 790 2224 non
844 2189 959 2224 esse
1019 2171 1310 2240 prophetas
1374 2171 1465 2241 qui
1528 2170 1822 2240 accipiunt,
1892 2172 1946 2223 et

255 2246 402 2298 mille
441 2246 543 2299 hoc
591 2246 822 2298 testibus
874 2245 1199 2314 approbabo.
1278 2242 1381 2298 Sed
1421 2263 1484 2297 ex
1523 2243 1642 2297 aliis
1680 2243 1943 2297 fructibus

169 2338 223 2378 25
256 2320 556 2387 probantur
577 2319 886 2388 prophetae.
928 2318 1029 2372 Dic
1053 2319 1202 2384 mihi,
1227 2319 1426 2372 crinem
1449 2318 1596 2371 fucat
1617 2317 1944 2387 prophetes?

256 2392 417 2446 stibio
474 2394 655 2446 oculos
712 2393 836 2445 linit
898 2392 1227 2462 prophetes?
1302 2392 1539 2446 vestibus
1583 2394 1658 2461 ‚et
1717 2391 1943 2462 gemmis

256 2468 479 2519 ornatur
515 2466 841 2536 prophetes?
888 2467 1027 2519 ludit
1063 2467 1254 2520 tabula
1291 2469 1346 2519 et
1382 2466 1598 2520 tesseris
1639 2464 1941 2535 propheta?

254 2540 408 2593 fenus
465 2540 694 2609 accipit?
758 2540 1137 2610 respondeant,
1192 2540 1325 2593 haec
1379 2543 1560 2593 utrum
1623 2540 1738 2592 fieri
1784 2539 1944 2591 liceat

256 2632 326 2667 an
365 2614 514 2667 non‘?
573 2613 755 2667 Meum
795 2617 876 2667 est
913 2615 1165 2683 probare,
1206 2615 1331 2684 quia
1367 2612 1628 2668 fecerint'.
1703 2612 1850 2666 Dicit
1885 2612 1944 2665 in

168 2708 223 2748 30
257 2687 440 2740 eodem
496 2688 634 2740 libro
691 2687 1162 2758 quadragesimum
1224 2706 1338 2741 esse
1393 2705 1592 2741 annum
1654 2705 1821 2756 usque
1876 2685 1944 2739 ad

375 2853 400 2891 6
426 2848 508 2893 aL:
535 2846 874 2904 recognoscetis
966 2853 1017 2892 11
1045 2847 1173 2893 Vat.:
1199 2847 1464 2903 Meltiades;
1489 2847 1667 2892 bamb.:
1692 2844 1943 2891 Melciades

254 2911 310 2951 27
346 2906 544 2951 ‘tabula'
580 2906 709 2951 deest
738 2905 788 2950 in
818 2905 923 2951 Vat.
