1974 3192
104 994 158 1034 10

102 1362 155 1402 15

100 1733 156 1771 20

98 2101 154 2140 25

99 2471 158 2510 30

851 203 1224 256 -38-

194 318 285 388 qui
332 322 488 372 tanta
534 319 789 372 adversus
836 336 959 372 eum
1007 318 1365 372 debacchatus
1412 321 1623 374 insania
1670 324 1774 391 est,
1822 324 1885 376 ut

191 410 288 461 per
318 395 492 444 totum
525 392 710 445 orbem
745 409 903 460 super
924 392 1142 446 nomine
1175 393 1287 446 eius
1320 393 1590 448 scriberet.
1653 394 1882 450 Constat

193 484 328 533 eum,
361 468 650 536 antequam
683 464 1001 520 Caesaream
1033 466 1310 537 migraret,
1346 466 1512 520 fuisse
1543 467 1750 522 Romae
1782 469 1882 522 sub

191 537 488 607 Zepherino
537 539 811 608 episcopO,
858 541 912 591 et
959 540 1146 593 statim
1183 539 1562 593 Alexandriam
1607 559 1882 596 reversum

189 611 476 665 Heraclam
506 614 895 683 presbyterum,
931 614 1022 683 qui
1053 613 1108 667 in
1140 613 1331 666 habitu
1363 614 1675 683 philosophi
1705 634 1882 684 perse-

190 687 427 756 verabat,
459 686 758 739 adiutorem
793 687 898 740 sibi
928 687 1122 740 fecisse
1144 686 1516 756 κατηχήσεων,
1549 689 1643 756 qui
1669 689 1883 758 quidem

190 762 244 812 et
293 763 422 829 post
473 759 808 813 Demetrium
864 759 1289 814 Alexandrinam
1350 762 1529 814 tenuit
1589 762 1881 817 ecclesiam.

191 831 434 895 Quantae
474 837 654 887 autem
695 835 898 904 gloriae
941 834 1116 903 fuerit,
1153 834 1279 887 hinc
1312 838 1549 904 apparet,
1587 835 1729 903 quod
1767 835 1885 889 Fir-

188 907 485 975 millianUS,
526 906 820 961 Caesareae
861 909 1159 977 episcopUS‚
1198 926 1317 961 cum
1359 908 1506 962 omni
1539 906 1884 978 Cappadocia

191 998 314 1033 eum
367 982 620 1034 invitavit
674 985 727 1034 et
767 982 858 1034 diu
906 985 1081 1035 tenuit
1120 985 1173 1034 et
1218 985 1406 1050 postea
1454 983 1553 1035 sub
1601 983 1882 1037 occasione

190 1057 500 1108 sanctorum
531 1056 772 1108 locorum
803 1055 1167 1108 Palaestinam
1203 1056 1424 1108 veniens
1465 1057 1555 1108 diu
1589 1054 1882 1109 Caesareae

189 1128 256 1181 ab
305 1147 367 1181 eo
406 1130 466 1182 in
512 1130 710 1182 sanctis
760 1129 1038 1198 scripturis
1085 1128 1323 1182 eruditus
1372 1133 1474 1198 est3
1524 1130 1617 1183 sed
1657 1133 1711 1182 et
1747 1130 1882 1183 illud

189 1203 331 1270 quod
385 1203 452 1255 ad
491 1202 873 1272 Mammaeam,
911 1205 1139 1256 matrem
1179 1202 1474 1255 Alexandri
1526 1203 1883 1274 imperatoriS,

187 1276 497 1346 religiosam
521 1276 780 1329 feminam
803 1282 1023 1347 rogatus
1047 1276 1196 1330 venit
1218 1276 1568 1329 Antiochiam
1594 1280 1648 1330 et
1673 1295 1882 1331 summo

188 1349 392 1403 honore
453 1350 670 1403 habitus
735 1353 817 1403 est
879 1353 933 1403 et
994 1350 1060 1402 ad
1115 1349 1427 1419 Philippum
1488 1352 1883 1420 imperatorem,

189 1424 280 1492 qui
351 1424 556 1492 primus
619 1424 683 1476 de
747 1424 965 1494 regibus
1027 1422 1286 1477 Romanis
1357 1423 1698 1478 Christianus
1768 1425 1886 1494 fuit,

190 1499 242 1549 et
297 1496 361 1549 ad
417 1501 647 1550 matrem
701 1498 812 1550 eius
867 1498 1077 1551 litteras
1131 1498 1260 1550 fecit
1314 1515 1449 1566 quae
1503 1516 1672 1567 usque
1725 1498 1885 1551 hodie

188 1574 418 1624 exstant.

337 1644 465 1707 Quis
520 1648 700 1698 autem
755 1646 996 1715 ignorat,
1061 1645 1203 1714 quod
1256 1647 1468 1697 tantum
1521 1645 1773 1698 habuerit
1826 1645 1885 1698 in

190 1718 467 1787 scripturis
508 1720 709 1772 sanctis
749 1719 936 1788 studii,
985 1722 1048 1772 ut
1094 1719 1259 1772 etiam
1306 1719 1595 1772 hebraeam
1643 1719 1886 1788 linguam

189 1795 376 1846 contra
434 1793 627 1846 aetatis
695 1793 973 1863 gentisque
1029 1811 1156 1846 suae
1212 1796 1465 1845 naturam
1520 1792 1779 1846 edisceret
1833 1795 1886 1845 et

188 1867 423 1936 exceptis
449 1867 795 1937 septuaginta
816 1867 1202 1936 interpretibus
1229 1867 1364 1919 alios
1392 1884 1604 1935 quoque
1622 1866 1883 1920 editiones

185 1941 243 1992 in
263 1959 429 1993 unum
459 1940 851 2011 congregaret?
884 1940 1114 2010 Aquilae
1141 1940 1360 2009 scilicet,
1383 1939 1595 1994 Pontici
1618 1940 1879 2009 proselyti

187 2017 240 2066 et
278 2014 666 2068 Theodotionis
705 2014 975 2068 Hebionei
1014 2018 1067 2067 et
1106 2013 1416 2083 Symmachi
1466 2014 1703 2066 eiusdem
1751 2013 1882 2083 dog·

186 2088 364 2157 matiS,
389 2088 482 2158 qui
497 2089 557 2140 in
582 2089 920 2158 evangelium
939 2106 1147 2158 quoque
1170 2083 1308 2140 κατὰ
1332 2091 1640 2141 Ματθαῖον
1667 2087 1884 2156 scripsit

187 2163 626 2231 commentarios,
690 2162 753 2215 de
809 2180 913 2232 quo
978 2165 1032 2214 et
1093 2181 1250 2215 suum
1317 2161 1516 2230 dogma
1570 2162 1903 2214 confirmare·

187 2238 427 2288 conatur.
511 2235 799 2288 Praeterea
845 2236 1090 2304 quintam
1138 2239 1192 2287 et
1239 2240 1450 2288 sextam
1498 2237 1554 2288 et
1601 2235 1887 2303 septimam

187 2309 493 2378 editionem,
524 2328 656 2379 quas
691 2310 854 2363 etiam
885 2327 986 2363 nos
1013 2309 1077 2362 de
1111 2310 1223 2361 eius
1248 2309 1578 2362 bibliotheca
1608 2309 1886 2377 habemuS,

191 2383 328 2436 miro
375 2383 560 2437 labore
607 2384 847 2453 repperit
885 2387 939 2436 et
977 2402 1098 2437 cum
1138 2384 1328 2436 ceteris
1379 2382 1704 2436 editionibus
1745 2400 1885 2435 com-

189 2457 414 2526 paravit.

335 2531 411 2583 Et
473 2531 599 2600 quia
653 2531 884 2583 indicem
941 2548 1163 2599 operum
1218 2530 1332 2583 eius
1393 2530 1451 2582 in
1523 2529 1884 2582 voluminibus

191 2604 542 2673 epistularum
587 2623 720 2674 quas
769 2604 835 2657 ad
881 2603 1106 2657 Paulam
1162 2603 1498 2674 scripsimUS‚
1550 2605 1610 2655 in
1656 2603 1886 2672 quadam

190 2679 422 2746 epistula
461 2680 648 2732 contra
680 2678 943 2731 Varronis
984 2677 1265 2731 conferens
1297 2677 1470 2746 posui,
1509 2695 1653 2729 nunc
1693 2676 1885 2730 omitto

311 2814 365 2853 12
399 2809 486 2854 hoc
519 2808 622 2854 loco
647 2808 965 2853 anacoluthon
997 2809 1070 2852 est
1170 2812 1223 2851 19
1255 2806 1418 2854 Bamb.
1446 2808 1493 2850 et
1516 2805 1752 2851 Norimb.:
1786 2805 1887 2862 quis

191 2868 378 2924 ignorat
407 2870 456 2912 et
598 2871 654 2912 25
685 2867 816 2912 Vat.:
849 2869 956 2912 cata
985 2866 1281 2911 Matthaeum
1401 2871 1455 2910 31
1491 2865 1610 2922 Vat„
1642 2864 1807 2911 Bamb.
1839 2866 1888 2910 et

191 2926 425 2972 Norimb.:
459 2926 614 2984 operis
737 2931 791 2971 33
824 2925 988 2971 Bamb.
1022 2927 1070 2970 et
1100 2924 1334 2971 Norimb.:
1366 2924 1587 2970 Varronis
1619 2937 1762 2981 opera
