1974 3192
903 181 1261 232 —12—
1935 166 1959 245 ἶ·

239 298 389 351 moni
419 316 597 350 unam.
659 296 912 364 Epistula
944 298 1123 348 autem
1163 314 1297 365 quae
1327 296 1498 350 fertur
1529 297 1596 349 ad
1627 295 1951 370 Hebraeos‚s

239 389 351 423 non
390 371 504 423 eius
545 370 777 423 creditur
814 372 1036 438 propter
1075 368 1187 422 stili
1226 370 1594 439 sermonisque
1646 371 1949 424 dissonan-ss:

238 444 387 512 tiam,
427 443 519 496 sed
556 444 642 496 vel
671 442 956 496 Barnabae
989 444 1143 512 juxta
1182 442 1589 512 Tertullianum,
1627 444 1711 497 vel
1749 443 1974 520 Lucae„

239 517 602 587 evangelistae
657 517 808 569 iuxta
847 517 1130 585 quosdam,
1169 517 1254 568 vel
1302 513 1624 586 Clementis,
1672 536 1928 572 romanae
1973 522 1974 525 ’

153 603 177 641 5
242 594 431 675 postea
471 590 725 644 ecelesiae
757 591 1012 659 episcopi,
1053 607 1212 659 quem
1252 590 1402 642 aiunt
1444 591 1740 644 sententias
1772 591 1948 658 Pauli-⁴

242 664 461 733 proprio
503 665 778 717 ordinasse
826 667 880 716 et
918 682 1137 717 ornasse
1178 680 1420 717 sermone
1466 664 1552 716 vel
1590 667 1756 730 certe,
1804 666 1965 737 quia

242 737 443 790 Paulus
500 738 767 791 scribebat
828 737 895 790 ad
947 737 1224 790 Hebraeos
1287 740 1340 789 et
1393 741 1612 806 propter
1671 738 1964 792 invidiam

245 812 328 864 sui
369 811 513 880 apud
546 830 637 865 eos
675 811 910 865 nominis
942 811 1159 864 titulum
1197 811 1254 863 in
1291 810 1555 879 principio
1589 812 1930 866 salutationis
1962 812 1963 821 ³

243 888 620 954 amputaverat
651 916 721 923 -—
755 885 1044 954 scripserat
1075 889 1255 938 autem
1285 888 1346 937 ut
1375 884 1637 938 hebraeus
1668 885 1932 956 hebraice,

155 971 211 1011 10
243 958 299 1010 id
338 962 434 1028 est,
475 977 571 1012 suo
613 959 825 1029 eloquio
865 959 1213 1012 disertissime
1248 989 1312 996 —
1351 976 1412 1010 ea
1451 976 1587 1028 quae
1620 959 1932 1029 eloquenter

244 1033 446 1102 scripta
502 1036 628 1086 sunt
681 1034 739 1086 in
794 1033 1026 1086 hebraeo
1037 1075 1050 1102 ,
1106 1037 1159 1086 et
1214 1033 1548 1101 eloquentius
1604 1034 1827 1087 vertisse
1871 1033 1932 1087 in

243 1122 493 1175 graecum
542 1110 595 1158 et
643 1107 785 1159 hanc
828 1124 943 1159 esse
991 1124 1231 1176 causam,
1278 1106 1420 1174 quod
1467 1124 1498 1158 a
1546 1107 1735 1160 ceteris
1773 1108 1931 1160 Pauli

247 1181 490 1248 epistulis
531 1180 832 1249 discrepare
871 1180 1129 1233 videatur.

388 1253 602 1323 Legunt
641 1254 857 1325 quidam
895 1252 1273 1322 LaodicenseS,
1314 1253 1406 1306 sed
1447 1253 1514 1306 ab
1555 1254 1804 1308 omnibus
1845 1273 1930 1308 ex-

150 1339 203 1378 15
237 1327 487 1396 ploditur.

942 1405 1077 1479 Cap.
1125 1404 1225 1463 VI.

393 1518 674 1573 Barnabas
723 1518 972 1589 Cyprius,
1019 1520 1112 1588 qui
1166 1522 1223 1571 et
1266 1519 1472 1588 Joseph
1519 1518 1754 1587 LeviteS,
1809 1537 1929 1573 cum

242 1593 415 1646 Paulo
456 1594 697 1663 gentium
737 1594 1016 1662 apostolus
1057 1593 1335 1646 ordinatus
1375 1611 1539 1646 unam
1579 1593 1646 1646 ad
1685 1593 1930 1647 aedifica-

241 1667 445 1720 tionem
470 1668 723 1720 ecclesiae
747 1667 1108 1736 pertinentem
1134 1667 1420 1736 epistulam
1446 1667 1770 1737 composuit,
1794 1686 1929 1737 quae
1963 1726 1968 1730 ,

153 1751 209 1791 20
241 1741 381 1794 inter
407 1741 743 1811 apocryphas
769 1741 1066 1810 scripturas
1097 1741 1312 1811 legitur.
1362 1740 1468 1794 Hic
1499 1746 1688 1810 postea
1710 1745 1930 1811 propter

238 1814 541 1867 Iohannem
581 1815 925 1884 discipulum,
978 1816 1068 1884 qui
1108 1819 1161 1869 et
1192 1814 1407 1868 Marcus
1439 1815 1746 1884 vocabatur,
1778 1833 1928 1884 sepa-

236 1892 387 1942 ratus
429 1908 460 1941 a
499 1889 670 1942 Paulo
710 1889 880 1942 nihilo
919 1890 1097 1943 minus
1138 1889 1476 1959 evangelicae
1514 1889 1927 1958 praedicationis

236 1963 536 2016 iniunctum
578 1964 683 2016 sibi
723 1982 856 2032 opus
897 1965 1148 2017 exercuit.

923 2114 1058 2189 Cap.
1106 2114 1243 2173 VH.

149 2243 203 2284 25
385 2228 581 2296 Lucas,
620 2229 855 2281 medicus
893 2227 1303 2298 AntiochensiS,
1325 2231 1410 2282 'ut
1455 2228 1567 2281 eius
1610 2229 1807 2298 scripta
1844 2229 1923 2282 in-

238 2301 446 2372 dicant,
479 2303 656 2372 graeci
689 2303 953 2355 sermonis
985 2321 1098 2355 non
1127 2303 1347 2373 ignarus
1382 2303 1498 2372 fuit,
1531 2305 1764 2355 sectator
1796 2321 1921 2372 apo-

237 2377 364 2429 stoli
386 2375 542 2429 Pauli
566 2379 620 2429 et
645 2377 821 2430 omnis
847 2377 960 2429 eius
985 2377 1440 2446 peregrinationis
1478 2394 1671 2446 comeS,
1706 2377 1922 2446 scripsit

234 2451 598 2520 evangelium,
646 2450 709 2502 de
758 2468 862 2519 quo
920 2450 1062 2503 idem
1113 2450 1335 2503 Paulus:
1385 2450 1681 2520 ‘misimUS,
1727 2451 1921 2520 inquit,

234 2542 356 2577 cum
394 2524 490 2577 illo
529 2524 774 2593 fratrem,
814 2524 965 2577 cuius
1004 2525 1122 2578 laus
1168 2525 1227 2577 in
1267 2525 1547 2595 evangelio
1593 2542 1690 2593 per
1735 2542 1919 2577 omnes

351 2659 377 2698 2
409 2654 539 2699 Vat.:
580 2653 869 2699 dissonantia
1004 2661 1030 2699 6
1062 2655 1152 2700 hoc
1190 2656 1294 2700 loco
1326 2654 1410 2699 alii
1446 2655 1585 2700 aliter
1625 2654 1832 2699 scribunt
1862 2654 1918 2700 cf.

230 2712 388 2770 Migne
510 2717 563 2756 11
597 2711 759 2757 Bamb.
793 2715 841 2758 et
870 2713 1101 2759 Norimb.:
1133 2714 1317 2759 fuera-nt
1436 2719 1477 2759 et
1507 2714 1639 2759 deest
1667 2714 1718 2757 in
1748 2714 1808 2758 al.

234 2777 289 2814 14
327 2771 559 2816 Norimb.:
599 2773 646 2816 et
685 2773 745 2816 ad
782 2772 1112 2828 Laodicenses3
1157 2772 1341 2817 Bamb.:
1386 2772 1635 2830 epistolam
1683 2774 1731 2817 et
1776 2773 1836 2816 ad
1866 2773 1918 2817 L.

231 2836 288 2875 20
313 2831 442 2876 Vat.=
474 2830 597 2875 inter
621 2832 886 2887 apocrypha
1037 2836 1092 2876 28
1119 2832 1175 2877 cf.
1201 2837 1226 2876 2
1253 2832 1355 2877 Cor.
1389 2838 1430 2888 8,
1465 2838 1518 2877 18
1677 2836 1733 2876 29
1756 2831 1918 2876 Bamb.

233 2891 280 2933 et
309 2889 542 2934 Norimb.:
572 2890 675 2934 laus
708 2892 780 2934 est
