1974 3192
716 191 1104 234 —XXXI—

102 327 166 379 3:
206 324 605 378 Aneioehenses
646 323 758 395 (V.:
798 324 1237 397 Anthioeenses).

102 399 164 453 5:
203 397 292 452 V.:
331 417 430 467 pro
471 397 774 468 Origenem.

103 473 163 526 9:

69 548 137 600 10

0 661 2 697 t
68 621 163 674 13:

0 705 1 737 ¹
69 695 166 748 16:

31 768 41 781 ⁵
69 769 134 821 17

69 842 162 895 18:

69 1005 162 1058 19:

65 1079 163 1132 20:

65 1227 162 1279 21:

64 1301 162 1354 22:

65 1374 163 1427 23:

65 1449 166 1501 24:

66 1597 165 1648 27:

66 1670 165 1723 28:

203 471 269 525 V.
283 491 294 525 :
335 472 671 526 Anthioeiae.

204 545 295 602 V.:
334 564 600 599 carcerem
641 547 710 600 ob
750 546 1099 600 confessione.

203 618 294 673 V.:
334 624 525 674 extant.

209 712 369 762 super
408 693 777 763 quaestionem
818 691 945 765 (Vn)

205 766 386 820 ‘dicat’
428 786 530 821 om.

203 845 524 909 ετιμολογια
563 838 673 911 (V.:
715 859 835 893 eum
858 839 1164 895 hebreicam
1207 845 1259 895 et
1290 847 1550 909 ομολογια
1590 860 1756 896 απτο-

197 931 569 996 πρινοὺπριεαι
617 947 852 983 comm-ou
901 931 1164 1001 ειεινοὺε).

202 1005 336 1058 haee
374 1007 491 1058 tota
528 1004 672 1056 linea
710 1022 813 1056 om.
852 1003 910 1056 P.

199 1078 736 1204 gie-tamepistulam.
768 1076 930 1131 V.A.:
971 1078 1203 1133 doctam.
1229 1109 1296 1116 —
1323 1083 1463 1133 extat
1500 1075 1630 1149 (V.).
1667 1077 1756 1131 V.:

248 1169 464 1221 mgems.

1595 829 1728 836 ——.

204 1225 310 1278 ead'
353 1245 480 1294 om.,
522 1225 614 1278 sed
655 1224 770 1279 add.
811 1223 902 1279 m2.
945 1267 956 1278 .
1002 1257 1066 1264 —
1111 1245 1288 1295 supra.

203 1304 474 1366 διαφονια.

203 1373 522 1427 Mattheum.

206 1448 271 1500 In
309 1447 366 1501 P.
406 1447 470 1500 de
511 1446 736 1500 Gemino
771 1448 952 1517 agitur
988 1448 1046 1501 in
1080 1466 1192 1518 eap.
1216 1447 1365 1501 LXV
1403 1451 1457 1501 et
1495 1447 1559 1500 de
1586 1446 1759 1500 Theo-

201 1522 331 1574 doro
371 1522 428 1574 in
468 1539 582 1590 cap.
622 1520 812 1575 LXIV.

208 1594 368 1649 ‘suae'
409 1613 504 1648 om.
546 1592 673 1665 (Am)
751 1594 862 1666 (V.:
902 1595 1070 1664 suae).

205 1688 457 1723 mammo.

804 1741 921 1798 Paq.
954 1745 1025 1786 44.

147 1836 159 1869 ε
198 1815 590 1870 Neocaesariae
630 1814 740 1886 (V.:
779 1816 896 1870 Neo
938 1815 1227 1890 Cesareae)
1265 1817 1424 1872 Ponti
1473 1817 1757 1886 episeopus

202 1889 429 1959 (‘Ponti'
471 1908 647 1943 errore
685 1894 802 1960 typ.
843 1890 984 1963 orm).

151 1983 163 2016 ε
204 1962 598 2033 Cappadochia.

154 2058 165 2090 :
208 2037 485 2091 Caesarea.
529 2068 592 2075 —
638 2037 724 2091 V.:
765 2038 1033 2091 transibit.

153 2132 164 2165 :
204 2111 604 2165 Athenodorus.

155 2205 166 2238 ε
212 2184 477 2255 OrigeniS.
520 2215 583 2222 —-
627 2185 1007 2254 phylosofiam.

152 2280 165 2314 ε
204 2258 399 2313 Christi
436 2261 588 2327 fidem
627 2257 756 2330 (A).
836 2257 947 2329 (V.:
986 2260 1145 2313 fidem
1193 2258 1341 2331 Chr.)

153 2354 164 2387 :
206 2333 462 2386 reddedit.

156 2427 168 2461 ι
207 2407 591 2477 panigerieum.

155 2501 166 2534 :
210 2480 424 2549 Oriyene
461 2481 735 2549 praesenti
773 2478 1083 2552 (praesente)
1124 2486 1263 2535 extat
1300 2478 1428 2551 (V.).

161 2574 172 2606 :
213 2554 530 2608 metastasin
545 2553 890 2608 Ecclesiastis
905 2553 1016 2626 (V.:
1034 2555 1354 2609 metafrasin
1370 2550 1753 2623 Ecclesiastes)

205 2626 578 2698 (metaphrasin
614 2627 994 2699 Ecclesiastae).

154 2721 165 2755 :
205 2707 254 2754 et
297 2703 434 2755 aliae
477 2702 631 2755 huius
675 2703 824 2771 vulyo
865 2703 1108 2769 feruntur
1153 2701 1282 2774 (A).
1362 2701 1472 2772 (V.:
1523 2704 1577 2754 et
1616 2700 1755 2753 aliae

206 2775 370 2845 vulgo
412 2774 566 2847 eius.)

155 2868 167 2901 :
205 2850 294 2902 sed
320 2851 594 2917 praecipue
633 2847 764 2920 (A.).
833 2847 947 2919 (V.:
986 2853 1040 2902 et
1078 2847 1403 2919 praecipue.)

157 2942 168 2975 ε
207 2927 385 2976 extant
399 2922 526 2994 (V.).
548 2954 612 2961 -—
631 2924 837 2992 scripsit
857 2924 1130 2992 epistulam
1147 2923 1257 2994 (V.:
1277 2919 1758 2992 ‘epistulam’om.).
