1974 3192
121 1003 175 1044 10

122 1490 175 1530 15

119 1859 175 1898 20

120 2226 174 2266 25

871 170 1231 222 -10—

206 286 360 355 titur,
408 305 519 339 non
565 286 804 354 sequitur
851 286 1197 355 septuaginta
1235 287 1621 339 translatorum
1659 283 1889 337 auctori-

205 364 395 429 tatem,
443 359 535 412 sed
573 359 894 412 hebraicam.
970 357 1016 411 E
1067 358 1260 428 quibus
1308 359 1402 412 illa
1452 359 1556 412 duo
1605 361 1754 412 sunt:
1803 357 1886 411 ‘ex

205 435 457 503 Aegypto
491 433 679 486 vocavi
702 432 899 485 Filium
931 431 1144 501 meum',
1177 435 1247 500 et,
1281 431 1554 502 ‘quoniam
1578 431 1886 486 Nazaraeus

206 506 521 560 vocabitur?

884 583 1043 657 Cap.
1079 583 1124 640 I
1130 582 1190 641 V.

353 698 527 767 Iudas,
559 698 726 751 frater
749 697 947 762 Iacobi,
972 717 1196 766 parvam
1222 715 1355 767 quae
1381 697 1445 750 de
1471 699 1678 766 septem
1704 694 1886 749 catho-

205 773 323 825 licis
364 775 445 825 est
484 772 772 841 epistulam
810 772 1042 841 reliquit.
1115 771 1189 824 Et
1228 772 1355 841 quia
1402 771 1465 823 de
1505 771 1644 824 libro
1683 769 1892 838 Enoch,

208 846 298 915 qui
339 846 680 916 apocryphus
722 848 816 910 est,
857 846 1084 898 assumit
1123 845 1510 909 testimonium,
1552 863 1583 896 a
1621 845 1890 913 plerisque

206 921 436 974 reicitur.
519 920 723 972 Tamen
771 920 1147 973 auctoritatem
1195 921 1463 972 vetustate
1519 919 1628 971 iam
1683 922 1737 970 et
1790 937 1891 971 usu

208 994 404 1046 meruit
444 997 497 1046 et
534 995 675 1046 inter
715 997 926 1046 sanctas
969 995 1263 1062 scripturas
1305 995 1660 1062 computatur.

930 1145 1065 1220 Cap.
1114 1144 1174 1202 V.

355 1260 552 1312 Paulus
579 1261 874 1328 apostoluS,
906 1261 998 1329 qui
1030 1263 1156 1313 ante
1190 1258 1399 1327 SauIUS,
1431 1262 1581 1312 extra
1611 1277 1894 1312 numerum

207 1333 489 1386 duodecim
537 1335 902 1402 apostolorum
954 1335 1018 1387 de
1064 1334 1209 1386 tribu
1257 1333 1541 1386 Beniamin
1588 1336 1642 1386 et
1695 1332 1892 1401 oppido

207 1407 446 1461 Judaeae
502 1406 729 1460 Giscalis
793 1409 918 1477 fuit,
981 1427 1086 1478 quo
1143 1427 1174 1461 a
1228 1407 1488 1460 Romanis
1552 1410 1709 1476 capto
1773 1424 1894 1459 cum

207 1482 523 1550 parentibus
550 1483 658 1534 suis
683 1483 908 1535 Tarsum
934 1480 1152 1535 Ciliciae
1185 1482 1574 1552 commigravit.
1626 1481 1677 1533 A
1701 1480 1893 1550 quibus

208 1555 275 1608 ob
310 1556 487 1608 studia
512 1556 646 1625 legis
680 1557 876 1609 missus
909 1556 1342 1625 Hierosolymam
1373 1574 1404 1607 a
1438 1555 1747 1623 Gamaliele,
1778 1555 1893 1607 viro

207 1629 542 1697 doctissimo,
590 1630 738 1683 cuius
779 1630 952 1693 Lucas
992 1631 1258 1697 meminit,
1306 1630 1544 1682 eruditus
1585 1631 1680 1682 est.
1759 1627 1895 1682 Cum

208 1706 387 1755 autem
411 1702 746 1756 interfuisset
776 1705 894 1757 neci
926 1705 1182 1773 martyris
1217 1702 1478 1772 Stephani
1518 1706 1571 1755 et
1595 1702 1826 1771 acceptis
1861 1721 1893 1754 a

206 1777 461 1845 pontifice
478 1778 667 1845 templi
692 1778 937 1847 epistulis
959 1779 1026 1831 ad
1042 1777 1436 1848 persequendos
1456 1795 1546 1830 eos
1567 1777 1657 1846 qui
1676 1775 1891 1829 Christo

208 1850 545 1903 crediderant
575 1850 903 1905 Damascum
934 1855 1196 1921 pergeret,
1222 1851 1547 1904 revelatione
1582 1851 1892 1918 compulsus

209 1924 276 1976 ad
299 1924 455 1977 fidem
476 1943 611 1994 quae
635 1925 692 1977 in
717 1927 851 1979 acti's
876 1926 1243 1994 apostolorum
1270 1925 1534 1993 scribitur,
1558 1925 1616 1976 in
1638 1942 1735 1977 vas
1761 1924 1894 1977 elec-

206 1998 370 2051 tionis
405 1999 468 2051 de
507 2002 848 2067 persecutore
883 2001 1181 2052 translatus
1222 2003 1319 2053 est.
1381 1997 1621 2067 Cumque
1659 1998 1894 2067 primum

208 2072 275 2124 ad
298 2072 749 2140 praedicationem
782 2074 894 2126 eius
922 2072 1139 2144 Sergius
1164 2073 1375 2143 Paulus,
1403 2072 1691 2141 proconsul
1715 2069 1895 2141 Cypri,

208 2146 540 2214 credidisset,
588 2148 655 2199 ab
699 2166 784 2215 e0,
834 2148 974 2216 quod
1016 2165 1135 2200 eum
1176 2146 1379 2200 Christi
1417 2147 1539 2198 fidei
1581 2145 1907 2215 subiecerat,-

209 2219 429 2272 sortitus
452 2223 534 2272 est
550 2239 746 2274 nomen
773 2224 826 2274 et
842 2222 1033 2290 juncto
1060 2221 1165 2274 sibi
1188 2220 1444 2273 Barnaba
1461 2220 1644 2273 multis
1669 2219 1892 2272 urbibus

206 2295 506 2362 peragratis
551 2299 822 2348 revertens
853 2294 1289 2364 Hierosolymam
1330 2314 1360 2347 a
1392 2294 1570 2361 Petr0,
1608 2293 1804 2346 Iacobo
1839 2296 1894 2345 et

207 2366 446 2420 Iohanne
503 2370 746 2437 gentium
801 2370 1075 2438 apostolus
1139 2369 1429 2422 ordinatur.
1521 2367 1596 2420 Et
1650 2367 1774 2436 quia
1839 2367 1897 2420 in

196 2442 341 2494 actis
400 2443 764 2510 apostolorum
828 2443 1138 2512 plenissime
1194 2443 1257 2495 de
1314 2443 1425 2495 eius
1482 2441 1890 2494 conversatione

210 2515 469 2583 scriptum
503 2520 597 2585 est,
635 2517 735 2569 hoc
773 2520 987 2569 tantum
1021 2517 1209 2586 dicam,
1250 2516 1392 2586 quod
1429 2518 1554 2585 post
1584 2515 1893 2584 passionem

328 2652 353 2690 6
378 2647 560 2692 Bamb.:
588 2661 783 2704 parvam
806 2662 970 2702 unam3
995 2647 1227 2692 Norimb.:
1253 2661 1392 2691 unam
1417 2660 1610 2703 parvam
1679 2649 1706 2688 8
1732 2644 1895 2690 Bamb.

210 2706 258 2749 et
287 2705 517 2750 Norimb.:
549 2706 599 2749 in
623 2720 679 2750 ea
709 2706 903 2751 assumit
995 2712 1049 2751 10
1075 2706 1235 2753 Bamb.
1269 2707 1316 2751 et
1342 2705 1476 2750 Bern.
1511 2707 1559 2749 et
1579 2704 1810 2749 Norimb.:
1843 2706 1898 2748 ut

210 2790 265 2795 —
300 2766 594 2822 computetur
702 2771 755 2809 14
787 2765 915 2810 Vat.:
949 2765 1173 2823 Gisgalis;
1213 2765 1444 2810 Norimb.:
1478 2763 1654 2808 Giscali
1761 2767 1816 2806 18
1846 2762 1896 2806 in

209 2823 313 2868 Vat.
339 2830 381 2869 et
403 2825 535 2869 deest
633 2829 688 2868 21
713 2823 876 2868 Bamb.
902 2826 949 2868 et
973 2825 1182 2869 Norimb.
1209 2826 1256 2868 et
1278 2823 1419 2868 Bern:
1445 2823 1627 2869 actibus
1731 2826 1788 2866 ‘24
1813 2822 1894 2866 aL:

211 2883 458 2942 subegerat
578 2890 633 2929 26
665 2883 770 2929 Vat.
804 2886 852 2928 et
882 2883 1003 2928 Bern
1034 2885 1081 2928 et
1111 2883 1342 2930 Norimb.:
1375 2885 1703 2938 revertensque
