1974 3192
116 1029 172 1068 10

117 1506 171 1546 15

114 1913 170 1953 20

867 191 933 200 .-
1013 163 1083 215 88
1165 192 1228 200 .-

804 311 938 386 oap.
992 310 1308 368 XXXIX.

352 424 692 495 Augustinus
740 423 894 494 Afer,
943 424 1310 494 Hipponensis
1363 424 1546 493 oppidi
1602 426 1903 494 episcopm,

203 500 284 551 vir
309 499 607 552 eruditione
633 498 815 551 divina
840 501 894 550 et
922 499 1161 551 humana
1185 498 1302 551 orbi
1326 498 1516 567 clarus»,
1545 497 1649 551 fide
1673 499 1903 569 integer,

205 573 319 625 vita
357 591 522 641 purus
555 573 783 641 scripsit,
824 575 1027 655 quanta
1064 589 1162 625 nec
1194 571 1423 624 inveniri
1460 575 1703 640 possunt.
1766 571 1898 634 Quis

184 647 349 699 „enim
389 646 650 715 glorietur
690 646 873 698 omnia
913 664 968 698 se
999 646 1143 699 illius
1174 644 1410 697 habere?
1450 648 1543 697 aut
1581 645 1702 714 quis
1739 647 1900 698 tanto

206 719 384 772 studio
425 720 586 789 legat,
625 723 826 788 quanto
866 720 960 773 ille
1001 718 1253 787 scripsit?
1315 717 1500 771 Edidit
1538 720 1700 772 etiam
1739 736 1898 772 senex

205 811 337 861 quos
395 793 601 846 iuvenis
657 796 908 862 coeperat
962 792 1044 846 ‘de
1100 791 1386 845 Trinitate'
1441 793 1609 846 libros
1662 791 1788 857 XV,
1839 792 1898 844 in

205 867 415 935 quibUS,
447 869 509 919 ut
542 867 809 935 scriptura
842 867 932 932 ait,
963 866 1346 919 introductus
1331 884 1389 918 in
1421 866 1722 919 cubiculum
1754 866 1899 936 regis

205 943 259 992 et
306 940 586 993 decoratus
633 943 780 993 veste
827 910 1126 994 multifaria
1173 939 1469 1008 sapientiae
1508 938 1609 991 Dei
1639 938 1902 1011 :exhibuit

204 1014 484 1067 ecclesiam
529 1033 641 1067 non
679 1015 971 1067 habentem
1010 1015 1276 1066 maculam
1315 1015 1407 1065 aut
1445 1030 1636 1083 rugam
1675 1015 1768 1065 aut
1805 1013 1898 1065 ali-

204 1087 332 1156 quid
357 1088 632 1140 eiusmodi.
679 1088 760 1140 De
785 1088 1154 1141 incarnatione
1171 1086 1392 1140 Domini
1417 1105 1627 1156 quoque
1650 1087 1899 1140 idoneam

205 1161 371 1214 edidit
430 1162 708 1230 pietatem,
771 1162 833 1213 de
894 1161 1282 1214 resurrectione
1341 1161 1502 1213 etiam
1564 1164 1900 1214 mortuorum

205 1235 366 1287 simili
407 1235 640 1288 cucurrit
679 1235 1001 1304 sinceritate,
1039 1235 1165 1287 licet
1203 1234 1379 1286 minus
1421 1235 1706 1303 capacibus
1747 1234 1897 1287 dubi-

204 1309 469 1362 tationem
508 1309 572 1362 de
613 1309 872 1362 abortivis
911 1308 1113 1362 fecerit.

893 1488 1028 1563 Cap.
1081 1487 1214 1546 XL.

353 1603 573 1656 Orosius
619 1604 905 1672 presbyter
953 1602 1190 1672 Hispani
1236 1603 1470 1672 generis,
1523 1603 1604 1656 vir
1651 1603 1899 1672 eloquen-

202 1677 444 1730 tissimus
508 1679 561 1730 et
620 1676 970 1730 historiarum
1033 1677 1302 1747 cognitor,
1365 1677 1582 1745 scripsit
1643 1676 1899 1730 adversus

205 1751 454 1820 querulos
518 1748 817 1804 Christiani
884 1751 1142 1819 nominis,
1217 1751 1308 1820 qui
1379 1751 1562 1804 dicunt
1632 1750 1898 1804 defectum

202 1823 478 1878 Romanae
517 1825 842 1894 reipublicae
883 1823 1086 1880 Christi
1126 1825 1373 1878 doctrina
1411 1825 1679 1878 invectum
1726 1824 1896 1877 libros

203 1898 325 1968 VII,
349 1899 406 1950 in
431 1899 625 1968 quibus
649 1917 819 1967 paene
842 1899 1010 1951 totius
1027 1899 1212 1951 mundi
1237 1899 1568 1951 calamitates
1587 1901 1640 1951 et
1655 1898 1898 1951 miserias

204 1991 267 2026 ac
324 1973 590 2025 bellorum
643 1972 1042 2042 inquietudines
1102 1972 1371 2041 replicans
1434 1972 1669 2026 ostendit
1725 1972 1899 2042 magis

204 2045 528 2099 christianae
584 2047 955 2099 observantiae
1014 2064 1151 2115 esse,
1212 2046 1353 2115 quod
1406 2048 1594 2099 contra
1647 2046 1898 2098 meritum

204 2139 359 2173 suum
405 2138 490 2172 res
536 2119 786 2173 Romana
841 2120 1050 2172 adhunc
1105 2120 1320 2172 duraret
1374 2123 1427 2172 et
1475 2137 1604 2188 pace
1659 2120 1910 2182 culturae

203 2192 306 2246 Dei
345 2196 596 2262 pacatum
627 2194 884 2246 retineret
914 2193 1213 2263 imperium.
1286 2191 1424 2246 Sane
1455 2194 1513 2246 in
1544 2193 1717 2262 primo
1757 2193 1896 2246 libro

324 2343 350 2382 2
383 2338 568 2383 Bamb.:
602 2337 848 2394 Hipponae
880 2338 1036 2395 regiae
1214 2343 1239 2382 5
1273 2338 1432 2383 Bamb.
1468 2341 1516 2383 et
1545 2337 1776 2384 Norimb:
1810 2351 1897 2394 ego

205 2403 230 2442 6
262 2397 363 2442 Hoc
394 2398 498 2442 loco
536 2396 828 2454 Norimberg.
861 2398 978 2442 haec
1009 2398 1151 2442 verba
1183 2398 1337 2443 addit:
1382 2398 1503 2442 unde
1537 2412 1592 2442 ex
1623 2397 1774 2441 multa
1804 2397 1897 2441 elo-

203 2456 395 2512 quentia
435 2455 609 2500 accidit
651 2457 776 2512 quod
821 2456 940 2500 dixit
985 2472 1068 2513 per
1109 2453 1405 2502 Salomonem
1448 2456 1648 2513 Spiritus
1687 2457 1897 2500 sanctus:

204 2530 261 2560 ex
284 2515 582 2571 multiloquio
606 2530 701 2560 non
725 2515 915 2573 effugies
940 2517 1185 2572 peccatum
1306 2516 1489 2561 Bamb..
1514 2515 1631 2570 iam;
1663 2514 1897 2559 Norimb.·

201 2576 361 2618 tamen
476 2580 500 2619 7
533 2573 649 2618 Alii:
683 2575 806 2630 quod
901 2580 955 2618 14
981 2575 1107 2620 Van:
1142 2576 1289 2632 egerit
1378 2574 1540 2619 Bamb.
1575 2550 1776 2618 eliceret.
1808 2574 1898 2618 hoc

202 2633 307 2678 loco
339 2633 500 2678 Bamb.
534 2633 688 2678 addit:
722 2633 979 2678 catholicus
1011 2635 1288 2691 permansit3
1319 2633 1550 2679 Norimba
1583 2646 1709 2677 error
1739 2634 1898 2677 tamen

203 2692 330 2737 illius
363 2707 572 2737 sermone
603 2693 776 2749 multo,
807 2694 861 2736 ut
891 2693 1008 2749 dixi,
1043 2695 1328 2750 contractus,
1361 2693 1491 2738 lucta
1521 2691 1728 2737 hostium
1760 2705 1896 2747 exag-

203 2753 392 2808 geratus
423 2752 622 2796 necdum
653 2728 828 2796 heresis
862 2753 1183 2807 quaestionem
1222 2752 1426 2797 absolvit
1577 2757 1645 2796 16
1666 2749 1896 2795 Norimba

202 2810 438 2867 Hispanus
469 2823 639 2867 genere
760 2815 817 2855 20
847 2810 1032 2855 Bamb.:
1065 2811 1228 2855 mundi
1257 2813 1486 2868 tempora,
1518 2810 1630 2864 cal.;
1663 2808 1892 2855 Norimb.·

203 2869 366 2913 mundi
397 2870 621 2926 temporis
654 2869 739 2915 cal.
864 2874 918 2913 22
953 2870 1187 2915 Νο111111).ε
1221 2869 1555 2915 observationis
