1974 3192
788 159 1117 211 -9—

110 279 166 330 et
197 295 230 330 a
259 294 346 330 me
369 295 542 346 nuper
571 278 631 330 in
654 295 905 347 graecum
933 295 1231 332 sermonem
1262 278 1592 347 latinumque
1615 280 1791 331 trans-

108 350 281 403 latum
321 354 426 420 est,
466 369 571 420 quo
613 354 667 404 et
690 351 1050 405 Adamantius
1091 370 1249 421 saepe
1281 353 1464 421 utitur,
1496 352 1638 421 quod
1668 355 1793 420 post

111 426 557 479 resurrectionem
590 423 885 479 Salvatoris
917 426 1103 478 refert:
1144 425 1426 479 ‘Dominus
1461 428 1640 478 autem
1671 443 1791 478 cum

109 498 342 551 dedisset
388 498 668 552 sindonem
718 517 870 553 servo
920 499 1234 567 sacerdotiS,
1282 499 1382 552 ivit
1429 499 1497 552 ad
1535 499 1792 552 Iacobum

112 574 166 624 et
205 573 456 641 apparuit
497 573 546 625 ei
589 603 652 611 —
696 573 966 626 iuraverat
1012 572 1155 624 enim
1194 572 1422 626 Iacobus
1464 591 1519 626 se
1558 591 1670 626 non
1709 591 1794 626 co-

109 664 381 699 mesurum
420 665 615 715 panem
654 647 722 700 ab
761 647 856 699 illa
892 646 1028 698 hora
1066 664 1173 714 qua
1202 646 1414 699 biberat
1444 647 1663 700 calicem
1686 646 1794 700 Do-

111 720 267 789 mini,
315 720 482 774 donec
519 720 724 773 videret
762 738 884 773 eum
922 722 1294 789 resurgentem
1335 739 1367 772 a
1406 720 1794 773 dormientibus

115 813 207 862 ——3
253 812 543 863 rursusque
588 797 713 863 post
759 793 1066 863 paululum,
1113 792 1343 863 ‘afferte,
1390 794 1468 846 ait
1512 794 1795 863 Dominus,

113 886 354 922 mensam
393 871 446 920 et
483 866 714 937 panem'.
792 865 1092 936 Statimque
1132 867 1368 920 additur:
1414 867 1560 919 Tulit
1597 886 1794 936 panem

113 944 166 994 et
204 941 482 994 benedixit
531 960 593 994 ac
642 941 806 1011 fregit
853 944 907 993 et
954 940 1101 993 dedit
1137 940 1335 994 Iacobo
1376 940 1525 993 Iusto
1566 944 1621 993 et
1659 941 1795 993 dixit

110 1016 183 1068 ei:
223 1015 410 1068 ‘frater
454 1015 553 1084 mi,
600 1015 814 1068 comede
861 1032 1058 1083 panem
1100 1017 1279 1082 tuum,
1329 1015 1457 1085 quia
1501 1015 1795 1067 resurrexit

109 1089 279 1143 Filius
310 1089 545 1142 hominis
587 1108 619 1141 a
651 1087 1080 1143 dormientibus’.
1141 1088 1392 1158 Triginta
1422 1089 1603 1157 itaque
1638 1089 1792 1141 annis

108 1163 522 1232 Hierosolymae
561 1164 700 1216 rexit
739 1163 1042 1232 ecclesiam,
1079 1163 1134 1215 id
1170 1166 1275 1227 est,
1314 1180 1484 1231 usque
1525 1163 1591 1215 ad
1632 1163 1794 1230 septi-

107 1256 255 1290 mum
293 1236 527 1290 Neronis
568 1254 791 1306 annum,
831 1240 884 1290 et
922 1237 1072 1289 iuxta
1109 1237 1395 1305 templum,
1427 1236 1520 1289 ubi
1559 1239 1614 1288 et
1643 1255 1793 1305 prae-

111 1312 370 1380 cipitatus
405 1311 595 1379 fuerat,
629 1312 869 1380 sepultus
901 1311 1122 1363 titulum
1157 1329 1324 1380 usque
1357 1311 1424 1363 ad
1457 1310 1792 1363 obsidionem

107 1385 220 1438 Titi
258 1388 312 1438 et
349 1386 596 1438 ultimam
636 1384 864 1438 Adriani
902 1385 1243 1437 notissimum
1280 1385 1487 1437 habuit.
1566 1383 1794 1446 Quidam

108 1477 136 1512 e
175 1460 377 1512 nostris
417 1459 473 1512 in
511 1462 696 1511 monte
737 1458 938 1512 Oliveti
978 1476 1102 1511 eum
1142 1458 1416 1512 conditum
1455 1460 1664 1528 putant,
1704 1458 1795 1510 sed

106 1533 249 1586 falsa
289 1552 473 1587 eorum
511 1533 694 1602 opinio
736 1535 830 1586 est.

808 1669 942 1744 Cap.
978 1669 1105 1726 HI.

255 1784 562 1837 Matthaeus
614 1785 705 1856 qui
754 1788 807 1838 et
853 1784 1006 1853 Levi,
1053 1802 1116 1836 ex
1161 1783 1451 1852 publicano
1501 1784 1795 1852 apostoluS,

107 1858 312 1927 primus
362 1859 420 1910 in
465 1857 666 1911 Iudaea
717 1861 935 1927 propter
991 1876 1081 1911 eos
1129 1858 1222 1927 qui
1277 1876 1341 1910 ex
1395 1857 1796 1910 circumcisione

109 1931 447 1985 crediderunt
486 1933 826 2002 evangelium
859 1930 1063 1985 Christi
1093 1931 1339 1984 hebraeis
1371 1931 1567 1983 litteris
1593 1931 1822 1999 verbis-0

108 2024 211 2076 que
250 2007 574 2075 composuit3
623 2006 764 2076 quod
805 2007 922 2075 quis
963 2008 1156 2074 postea
1187 2006 1244 2058 in
1276 2022 1528 2074 graecum
1558 2007 1797 2057 transtu-

106 2080 253 2150 lerit,
303 2098 414 2133 non
454 2080 588 2133 satis
629 2084 835 2133 certum
876 2082 972 2133 est.
1048 2079 1217 2133 Porro
1265 2079 1441 2147 ipsum
1486 2078 1796 2131 hebraicum

107 2153 338 2206 habetur
351 2171 518 2223 usque
531 2154 690 2208 hodie
702 2155 760 2206 in
770 2152 1111 2207 Caesariensi
1119 2153 1463 2222 bibliotheca,
1473 2170 1632 2221 quam
1642 2151 1795 2204 Pam-

108 2225 290 2296 philus
329 2227 722 2281 studiosissime
748 2228 995 2281 confecit.
1034 2227 1174 2280 Mihi
1207 2244 1416 2297 quoque
1451 2245 1482 2278 a
1505 2226 1796 2279 Nazaraeis

114 2302 205 2370 qui
244 2301 303 2354 in
341 2301 522 2366 Veria,
560 2302 692 2354 urbe
731 2300 942 2370 Syriae,
981 2301 1086 2354 hoc
1123 2301 1395 2354 volumine
1434 2303 1676 2368 utuntur,
1716 2299 1798 2352 de-

112 2375 380 2428 scribendi
410 2374 641 2428 facultas
662 2374 792 2428 fuit.
843 2375 909 2428 In
941 2393 1046 2445 quo
1083 2374 1616 2428 animadvertendum
1656 2373 1797 2443 quod

110 2449 431 2518 ubicumque
479 2450 811 2518 evangelista
867 2450 977 2502 sive
1028 2467 1092 2501 ex
1140 2466 1370 2517 persona
1421 2467 1518 2501 sua
1573 2448 1684 2501 sive
1735 2465 1797 2500 ex

111 2521 332 2576 Domini
375 2521 671 2576 Salvatoris
722 2523 918 2576 veteris
959 2524 1254 2592 scripturae
1304 2521 1628 2576 testimoniis
1670 2522 1795 2573 abu-

228 2644 253 2682 2
290 2639 373 2682 aL:
409 2638 630 2696 Origenes
662 2641 736 2695 (=
767 2638 1096 2695 Adamantius)
1230 2639 1312 2683 aL:
1345 2637 1655 2693 Evangelium
1686 2650 1797 2692 quo-

111 2710 202 2753 que
236 2731 245 2741 .
282 2733 290 2742 .
326 2734 335 2742 .
369 2697 515 2742 refert
620 2703 648 2742 4
679 2697 916 2743 Norimb.:
949 2697 1059 2742 ibat.
1151 2701 1176 2741 5
1209 2696 1371 2742 Bamb.
1406 2699 1454 2741 et
1476 2695 1691 2740 Norimb:
1725 2708 1796 2739 co-

107 2769 366 2800 messurum
476 2762 530 2802 10
555 2756 716 2802 Bamb.
744 2760 791 2802 et
814 2756 1046 2802 Norimb.:
1079 2757 1128 2801 et
1157 2759 1266 2813 post
1374 2762 1426 2800 12
1449 2756 1575 2799 Vat.:
1600 2754 1797 2811 triginta

109 2816 157 2858 et
247 2820 303 2859 23
336 2815 466 2860 Vat.:
501 2816 582 2873 qui
672 2821 728 2861 26
761 2815 924 2860 Bamb.
958 2817 1005 2859 et
1034 2815 1266 2861 Norimb.:
1297 2813 1569 2871 Pamphilus
1599 2815 1795 2869 martyr3

107 2873 294 2919 Bamb.:
321 2874 521 2920 confecit
546 2877 593 2920 et
617 2876 800 2920 ornavit
860 2881 915 2920 27
941 2874 1126 2919 Bamb.:
1152 2874 1343 2931 beroea3
1369 2873 1598 2918 Norimb.:
1623 2872 1797 2916 hebrea

1828 954 1883 993 10

1828 1321 1881 1360 15

1827 1794 1883 1833 20

1829 2531 1885 2569 30
