1974 3192
763 157 1129 210 „47-

97 276 208 327 tem
258 272 342 326 ‘de
380 271 618 342 pascha'‚
659 271 742 325 ‘de
781 272 1053 342 sabbato'‚
1094 273 1178 326 ‘de
1218 272 1662 338 circumcisione'‚
1697 273 1787 326 ‘de

102 345 413 416 sacerdote',
451 344 535 398 ‘de
575 345 949 415 ordinatione',
989 346 1073 399 ‘de
1112 347 1245 399 cibis
1285 345 1547 415 iudaicis',
1588 346 1672 400 ‘de
1709 347 1786 400 in-

107 419 341 489 stantia',
382 418 473 472 ‘de
513 417 701 472 Attalo
712 418 744 488 ⁹,
783 421 1059 490 multaque
1107 420 1238 490 alia,
1286 423 1340 473 et
1379 420 1461 473 ‘de
1499 419 1785 473 Trinitate'

102 494 304 563 grande
342 493 617 562 volumen,
658 494 811 563 quasi
850 490 1115 562 ἐπιτομήν
1156 494 1332 563 operis
1356 493 1674 547 Tertulliani
1709 494 1785 547 fa-

103 567 274 637 ciens,
313 566 456 638 quod
494 566 713 636 plurimi
752 567 1054 620 nescientes
1094 565 1352 636 Cypriani
1392 567 1697 620 aestimant.
1847 581 1873 620 5

735 732 871 807 Gap.
921 731 1165 790 LXXI.

250 846 542 915 Malchion,
568 847 952 899 disertissimus
969 845 1340 899 Antiochenae
1366 848 1618 900 ecclesiae
1642 866 1785 918 pres-

100 921 270 990 byter,
309 920 508 991 quippe
546 920 639 990 qui
676 920 733 972 in
773 920 958 972 eadem
997 920 1128 972 urbe
1160 920 1487 973 rhetoricam
1522 921 1786 974 florentis-

99 995 230 1048 sime
279 994 556 1064 docuerat,
610 993 864 1047 adversus
911 992 1140 1046 Paulum
1188 992 1624 1062 Samosatenum,
1679 996 1785 1064 qui,

98 1067 471 1122 Antiochenae
504 1067 757 1121 ecclesiae
790 1068 1095 1137 episcopm,
1128 1068 1326 1138 dogma
1349 1067 1662 1120 Artemonis
1701 1069 1778 1120 in·
1814 1082 1868 1120 10

99 1144 390 1210 staurarat,
430 1142 819 1211 excipientibus
858 1142 1086 1195 notariis
1127 1141 1446 1210 disputavit,
1485 1141 1576 1211 qui
1616 1141 1779 1195 dialo-

97 1233 198 1286 gus
237 1234 405 1285 usque
442 1215 602 1268 hodie
642 1219 834 1269 exstat.
897 1213 1000 1268 Sed
1040 1218 1094 1268 et
1132 1216 1239 1268 alia
1276 1215 1495 1285 grandis
1536 1216 1783 1284 epistula,

98 1307 162 1342 ex
217 1308 450 1358 persona
505 1290 700 1358 synodi
754 1290 821 1342 ab
876 1307 938 1343 eo
987 1289 1208 1358 scripta,
1257 1290 1324 1342 ad
1362 1289 1684 1358 Dionysium
1733 1293 1786 1342 et

97 1363 409 1434 Maximum,
426 1362 706 1416 Romanae
732 1367 786 1416 et
801 1363 1196 1416 Alexandrinae
1222 1364 1477 1416 ecclesiae
1503 1363 1783 1432 episcopos

98 1437 360 1508 dirigitur.
435 1436 650 1491 Floruit
690 1436 789 1491 sub
830 1435 1057 1490 Claudio
1098 1440 1152 1490 et
1192 1436 1502 1490 Aureliano.
1819 1449 1871 1489 15

711 1602 847 1678 Cap.
895 1601 1178 1660 LXXII.

244 1717 566 1787 Archelaus,
598 1718 880 1788 episcopus
904 1717 1353 1787 Mesopotamiae,
1385 1717 1581 1770 librum
1612 1716 1787 1785 dispu-

95 1792 321 1845 tationis
363 1810 512 1861 suae,
553 1810 714 1860 quam
751 1791 946 1844 habuit
975 1791 1258 1845 adversum
1280 1790 1658 1844 Manichaeum
1698 1808 1783 1843 ex-

97 1869 315 1919 euntem
339 1865 403 1919 de
426 1865 669 1934 Perside,
695 1884 821 1935 syro
854 1883 1103 1919 sermone
1136 1865 1462 1935 composuit,
1487 1865 1578 1934 qui
1609 1868 1784 1917 trans-

100 1941 244 1993 latus
284 1941 342 1992 in
382 1958 634 2010 graecum
671 1939 903 1993 habetur
942 1958 974 1992 a
1011 1940 1214 1993 multis.
1818 1951 1874 1990 20

248 2012 458 2068 Olaruit
497 2014 597 2067 sub
629 2014 955 2083 imperatore
986 2013 1193 2083 Probo,
1232 2013 1324 2083 qui
1354 2012 1648 2066 Aureliano
1683 2010 1784 2064 Ta-

100 2088 311 2157 citoque
351 2091 694 2142 successerat.

691 2238 827 2313 cap.
874 2238 1195 2297 LXXIII.

244 2353 532 2407 Anatolius
573 2353 970 2407 Alexandrinus
979 2396 994 2423 ,
1032 2353 1330 2406 Laodiceae
1357 2350 1542 2422 Syriae
1582 2351 1783 2421 episco-

96 2446 227 2497 pus,
266 2428 364 2480 sub
403 2427 583 2481 Probo
635 2431 690 2481 et
730 2428 867 2482 Caro
906 2427 1323 2497 imperatoribus
1362 2426 1566 2495 floruit,
1614 2426 1782 2477 mirae
1815 2451 1871 2491 25

98 2501 373 2554 doctrinae
420 2501 503 2555 vir
552 2502 610 2554 in
650 2502 1010 2570 arithmetica,
1066 2500 1390 2572 geometria,
1437 2499 1784 2567 astronomia,

100 2575 470 2645 grammatica,
493 2575 778 2644 rhetorica,
801 2575 1094 2628 dialectica.
1143 2573 1308 2628 Cuius
1340 2573 1547 2644 ingenii
1579 2573 1784 2641 magni-

100 2649 344 2702 tudinem
383 2649 448 2703 de
486 2650 760 2703 volumine
810 2650 953 2720 quod
991 2648 1172 2718 ‘super
1208 2647 1428 2718 pascha’
1467 2646 1785 2716 composuit,

219 2815 245 2853 2
278 2810 440 2856 Bamb.
475 2811 523 2855 et
551 2810 785 2856 Norimb.:
819 2810 875 2855 de
907 2809 1118 2854 oratione
1285 2814 1311 2854 9
1343 2809 1470 2853 Vat.:
1502 2805 1785 2851 rhetoricam

98 2868 347 2914 edocuerat
490 2874 548 2913 20
577 2869 706 2914 Vat.:
738 2871 787 2914 in
819 2883 1039 2927 graecum
1070 2868 1120 2912 in
1150 2868 1312 2913 multis
