1974 3192
140 677 165 715 U!

140 1046 194 1086 10

139 1413 190 1452 15

135 1783 190 1821 20

132 2194 188 2234 25

130 2567 187 2606 30

898 231 959 237 -.
1045 202 1112 252 14
1194 232 1253 238 w

896 335 1031 409 Cap.
1079 334 1256 393 VIII.

377 450 614 518 Marcus,
655 449 947 518 discipulus
995 452 1050 501 et
1087 450 1352 518 interpres
1389 449 1538 503 Petri
1578 452 1735 520 juxta
1774 452 1917 521 quod

229 525 448 577 Petrum
472 523 794 576 referentem
835 522 1091 593 audierat,
1121 526 1345 593 rogatus
1370 523 1573 577 Romae
1605 524 1916 579 asratribus

228 599 387 650 breve
427 598 641 666 scripsit
671 597 1025 667 evangelium.
1095 595 1248 659 Quod
1291 615 1410 650 cum
1443 597 1633 651 Petrus
1667 599 1954 670 audisset„

227 672 480 740 probavit
527 674 580 724 et
627 671 863 725 ecclesiis
902 671 1189 755 legendum
1229 689 1326 723 sua
1372 672 1690 725 auctoritate
1739 674 1918 743 edidit,
1964 715 1971 738 z

229 746 367 799 sicut
406 746 645 798 scribunt
676 744 922 799 Clemens
962 747 1018 797 in
1058 748 1207 797 sexto
1241 739 1652 799 ὑποτυπώσεων
1682 747 1823 801 libro
1862 751 1918 801 et

226 818 423 888 Papias
455 819 895 889 Hierapolitanus
929 820 1226 888 episcopus.
1279 818 1527 872 Meminit
1556 819 1714 873 huius
1744 821 1916 875 Marci

227 896 280 946 et
323 893 514 947 Petrus
568 894 626 946 in
677 894 853 962 prima
907 893 1138 962 epistula
1192 893 1291 945 sub
1345 894 1563 946 nomine
1617 893 1915 964 Babylonis

226 967 525 1037 figuraliter
576 967 806 1020 Romam
857 967 1193 1037 significans:
1250 966 1477 1020 esalutat
1532 985 1628 1021 vos
1692 966 1916 1022 ecclesia

227 1060 364 1111 quae
397 1044 481 1094 est
518 1042 577 1093 in
607 1041 888 1110 Babylone
927 1041 1160 1094 coelecta
1195 1043 1250 1093 et
1279 1040 1510 1110 MarcuS,
1547 1042 1689 1095 filius
1729 1042 1914 1096 meus'.

223 1115 521 1185 Assumpto
542 1116 724 1184 itaque
743 1115 1027 1184 evangelio
1047 1114 1190 1184 quod
1214 1115 1329 1183 ipse
1355 1114 1656 1168 confecerat
1680 1118 1915 1184 perrexit

224 1189 536 1260 Aegyptum
562 1192 615 1241 et
638 1189 871 1257 primum
897 1188 1254 1241 Alexandriae
1279 1186 1552 1241 Christum
1582 1189 1911 1243 adnuncians

225 1264 509 1317 constituit
541 1263 823 1316 ecclesiam
853 1265 1008 1315 tanta
1040 1262 1285 1315 doctrina
1316 1265 1370 1315 et
1392 1263 1534 1315 vitae
1566 1264 1915 1334 continentia,

223 1346 285 1390 ut
316 1356 500 1391 omnes
541 1339 835 1390 sectatores
868 1334 1071 1390 Christi
1111 1336 1180 1388 ad
1218 1337 1521 1405 exemplum
1561 1337 1644 1390 sui
1683 1341 1913 1408 cogeret.

225 1411 466 1480 Denique
482 1411 695 1479 Philon,
719 1410 1102 1463 disertissimus
1122 1409 1459 1480 Iudaeorum,
1475 1411 1662 1464 videns
1680 1411 1912 1466 Alexan-

223 1486 368 1538 driae
412 1485 644 1554 primam
691 1484 970 1538 ecclesiam
1017 1484 1189 1537 adhuc
1234 1484 1595 1537 iudaizantem
1650 1487 1804 1554 quasi
1853 1486 1912 1538 in

221 1559 436 1612 laudem
499 1559 676 1628 gentis
733 1576 859 1611 suae
921 1561 974 1611 et
1037 1575 1195 1627 super
1257 1576 1442 1611 eorum
1503 1561 1911 1613 conversatione

223 1634 460 1702 scripsit,
507 1635 562 1685 et
602 1633 867 1699 quomodo
907 1632 1082 1685 Lucas
1121 1635 1307 1685 narrat
1343 1631 1757 1701 Hierosolymae
1803 1651 1912 1687 cre—

223 1707 410 1760 dentes
452 1707 632 1760 omnia
666 1706 921 1759 habuisse
961 1707 1281 1775 communia,
1321 1706 1395 1759 sic
1433 1707 1523 1759 ille
1556 1706 1911 1760 Alexandriae

223 1782 321 1834 sub
347 1780 530 1834 Marco
564 1780 781 1834 doctore
811 1781 927 1834 fieri
967 1781 1218 1833 cernebat
1247 1780 1642 1850 memoriaeque
1674 1781 1910 1835 tradidit.

220 1854 467 1908 Mortuus
516 1858 597 1907 est
645 1857 824 1907 autem
877 1858 1065 1908 octavo
1105 1853 1340 1907 Neronis
1381 1873 1522 1908 anno
1571 1857 1624 1907 et
1671 1855 1909 1926 sepultus

221 1928 591 1982 Alexandriae.

923 2006 1058 2080 Cap.
1092 2006 1210 2063 IX.

367 2119 639 2174 Iohannes
675 2122 965 2190 apostolUS,
1007 2139 1165 2190 quem
1189 2120 1340 2173 Iesus
1374 2122 1574 2174 amavit
1601 2121 1908 2191 plurimum,

220 2195 362 2247 filius
397 2194 656 2247 Zebedaei
689 2197 743 2247 et
774 2194 939 2247 frater
969 2195 1152 2248 Iacobi
1185 2194 1433 2264 apostoli,
1473 2213 1631 2264 quem
1664 2194 1906 2248 Herodes

218 2272 345 2338 post
382 2269 691 2337 passionem
731 2267 954 2322 Domini
997 2269 1296 2337 decollavit,
1334 2268 1626 2322 novissime
1666 2269 1906 2322 omnium

221 2343 435 2411 scripsit
482 2342 843 2412 evangelium,
893 2346 1116 2412 rogatus
1166 2343 1233 2395 ab
1275 2342 1437 2395 Asiae
1486 2343 1772 2413 episcopiS,
1818 2343 1906 2396 ad·
1969 2384 1974 2392 .

219 2435 403 2470 versus
444 2413 760 2469 Cerinthum
799 2417 1039 2486 aliosque
1077 2417 1378 2470 haereticos
1419 2418 1472 2468 et
1510 2417 1739 2470 maxime
1778 2419 1906 2470 tunc

217 2490 598 2543 Ebionitarum
631 2490 828 2560 dogma
860 2508 1205 2560 consurgenS,
1236 2491 1327 2559 qui
1358 2492 1606 2543 asserunt
1630 2489 1906 2544 Christum

221 2567 346 2617 ante
385 2563 615 2617 Mariam
661 2582 774 2617 non
813 2564 994 2617 fuisse.
1071 2564 1225 2617 Unde
1274 2564 1435 2617 etiam
1475 2564 1782 2633 compulsus
1824 2566 1906 2617 est

337 2685 365 2724 4
403 2681 532 2726 Vat.:
566 2680 892 2736 quodcumque
1057 2685 1084 2724 8
1116 2680 1277 2726 Bamb.
1311 2682 1359 2724 et
1388 2679 1620 2724 Norimb.:
1653 2680 1786 2736 epist.
1821 2692 1906 2724 sua

218 2745 244 2784 9
272 2739 328 2785 cf.
356 2746 393 2784 1.
411 2740 534 2786 Petr.
562 2743 600 2793 1,
619 2743 660 2795 5,
683 2745 734 2782 13
823 2744 877 2783 10
904 2740 985 2783 aL:
1012 2740 1229 2795 collecta3
1254 2739 1385 2783 Vat.:
1412 2739 1668 2784 cumelecta
1741 2742 1795 2782 18
1821 2739 1903 2782 aL:

221 2799 306 2843 ‘et’
340 2813 434 2843 non
472 2798 648 2843 habent
768 2803 822 2841 19
855 2799 936 2843 aL:
977 2798 1044 2843 sic
1075 2801 1123 2843 et
1151 2799 1232 2843 ille
1265 2798 1390 2855 quod
1422 2832 1431 2841 .
1459 2834 1467 2842 .
1495 2832 1505 2841 .
1540 2797 1779 2853 cernebat,
1810 2811 1904 2842 me-

217 2858 392 2903 moriae
437 2857 635 2902 tradidit
798 2861 853 2900 22
903 2858 961 2902 al.
1010 2858 1211 2902 addunt:
1260 2857 1535 2903 succedente
1583 2856 1673 2900 sibi
1719 2856 1902 2901 Aniano

217 2917 414 2973 (Anano)
535 2922 591 2961 26
625 2917 706 2961 al.:
737 2916 1016 2961 novissimus
