1974 3192
723 165 1095 217 -13—

69 280 355 350 ecclesias',
387 283 441 334 et
472 281 539 334 ad
563 279 912 335 Colossenses
948 280 1169 336 ‘salutat
1198 299 1292 335 vos
1317 280 1489 335 Lucas
1521 282 1757 335 medicus

68 353 428 425 carissimus'3
488 357 542 408 et
605 354 672 407 ad
727 354 1092 409 Timotheum:
1150 354 1348 409 ‘Lucas
1402 359 1485 409 est
1546 374 1758 409 mecum

69 427 258 482 solus'.
325 428 492 481 Aliud
530 446 740 498 quoque
781 428 947 482 edidit
989 431 1244 483 volumen
1283 430 1577 499 egregium,
1617 429 1759 499 quod

68 503 228 556 titulo
254 502 674 571 apostolicarum
698 499 952 572 πράξεων
975 502 1331 572 praenotavit,
1357 504 1506 557 cuius
1529 503 1759 556 historia

69 594 239 645 usque
270 576 339 629 ad
361 576 642 629 biennium
665 576 870 629 Romae
902 576 1287 630 commorantis
1311 576 1469 630 Pauli
1499 577 1757 647 pervenit,

66 649 122 702 id
168 652 272 718 est,
325 667 493 719 usque
539 650 606 703 ad
656 652 906 719 quartum
953 649 1216 703 decimum
1262 649 1496 704 Neronis
1546 670 1758 704 annum.

65 723 151 777 Ex
191 742 296 793 quo
336 724 692 794 intelligimus
731 723 789 775 in
828 722 1013 776 eadem
1052 724 1184 776 urbe
1222 723 1420 776 librum
1459 743 1575 778 esse
1615 743 1759 778 com-

67 798 323 866 positum.
390 797 568 868 Igitur
604 793 906 865 περιόδους
942 797 1100 850 Pauli
1140 800 1194 850 et
1225 796 1455 850 Theclae
1495 801 1549 851 et
1586 801 1759 852 totam

65 871 331 940 baptizati
362 871 536 925 leonis
571 872 813 924 fabulam
852 871 994 924 inter
1025 871 1332 940 apocrypha
1376 875 1758 940 computemus

68 944 236 1008 Quale
282 946 426 999 enim
474 948 579 1015 est,
627 948 689 998 ut
738 945 1044 998 individuus
1099 963 1276 998 comes
1334 946 1569 1014 apostoli
1620 946 1762 998 inter

67 1022 273 1072 ceteras
313 1020 428 1072 eius
466 1037 552 1073 res
589 1019 693 1072 hoc
742 1020 915 1073 solum
953 1019 1327 1089 ignoraverit?
1397 1017 1501 1072 Sed
1541 1022 1594 1071 et
1634 1019 1758 1072 Ter·

66 1093 342 1163 tullianus,
367 1094 575 1147 vicinus
606 1093 824 1146 illorum
851 1096 1167 1162 temporum,
1190 1093 1357 1145 refert
1381 1093 1758 1162 presbyterum

69 1168 337 1237 quendam
359 1168 418 1219 in
441 1167 591 1238 Asia,
616 1163 976 1236 σπουὸαστὴν
1002 1167 1238 1237 apostoli
1261 1166 1431 1236 Pauli,
1456 1168 1761 1221 convictum

70 1242 213 1311 apud
243 1241 565 1310 Johannem‚
606 1241 749 1311 quod
781 1244 967 1295 auctor
1006 1243 1149 1295 esset
1186 1240 1329 1308 libri,
1368 1244 1422 1294 et
1454 1242 1759 1295 confessum

72 1333 128 1368 se
165 1315 268 1369 hoc
306 1315 463 1368 Pauli
503 1333 686 1369 amore
725 1316 917 1368 fecisse
958 1318 1012 1368 et
1047 1316 1167 1369 loco
1209 1314 1486 1369 excidisse.

218 1389 448 1452 Quidam
507 1390 873 1460 suspicantur,
934 1390 1376 1459 quotiescumque
1441 1389 1643 1442 Paulus
1705 1389 1763 1442 in

70 1464 312 1533 epistulis
346 1464 457 1516 suis
490 1463 633 1517 dicat
664 1462 842 1516 eiuxta
874 1463 1214 1533 evangelium
1245 1462 1460 1531 meum',
1493 1463 1557 1516 de
1586 1463 1762 1516 Lucae

70 1538 376 1608 significare
416 1538 687 1590 volumine
729 1541 783 1590 et
812 1537 1013 1591 Lucam
1051 1555 1163 1591 non
1196 1538 1372 1590 solum
1404 1538 1472 1590 ab
1514 1538 1762 1605 apostolo

70 1611 319 1665 didicisse
368 1612 727 1682 evangelium,
775 1613 867 1682 qui
914 1631 1034 1665 cum
1071 1610 1306 1665 Domino
1354 1612 1410 1663 in
1458 1629 1614 1664 carne
1653 1629 1764 1665 non

68 1685 248 1754 fuerit,
291 1685 386 1738 sed
415 1688 469 1738 et
507 1705 539 1738 a
564 1686 755 1739 ceteris
797 1686 1070 1754 apostolis.
1133 1685 1287 1747 Quod
1318 1686 1432 1755 ipse
1458 1702 1667 1754 quoque
1706 1685 1764 1737 in

67 1760 331 1829 principio
379 1760 669 1813 voluminis
718 1760 801 1813 sui
847 1760 1083 1812 declarat
1128 1759 1333 1812 dicens:
1387 1759 1554 1812 ‘sicut
1597 1759 1763 1811 tradi-

70 1833 263 1886 derunt
299 1834 458 1887 nobis
500 1834 591 1903 qui
633 1853 664 1886 a
700 1834 967 1903 principio
1006 1834 1110 1902 ipsi
1148 1833 1398 1886 viderunt
1437 1836 1491 1885 et
1529 1833 1765 1886 ministri

69 1908 289 1960 fuerunt
329 1907 624 1961 sermonis?
701 1907 878 1978 Igitur
917 1908 1279 1977 evangelium,
1330 1908 1467 1960 sicut
1507 1907 1764 1975 audierat,

73 1983 309 2051 scripsit3
373 1985 494 2035 acta
545 2000 671 2034 vero
729 1983 1120 2051 apostolorum,
1177 1982 1316 2034 sicut
1369 1981 1579 2034 viderat
1631 1982 1764 2049 ipse,

72 2055 386 2124 composuit.
482 2054 734 2125 Sepultus
790 2058 872 2109 est
926 2054 1423 2124 Constantinopoli,
1482 2055 1549 2107 ad
1604 2073 1765 2124 quam

73 2130 262 2183 urbem
293 2130 546 2183 vicesimo
572 2128 882 2183 Constantii
906 2148 1047 2183 anno
1082 2148 1205 2183 ossa
1230 2130 1342 2182 eius
1378 2147 1498 2183 cum
1522 2129 1762 2198 reliquiis

73 2203 322 2257 Andreae
364 2204 596 2273 apostoli
633 2205 899 2257 translata
939 2207 1077 2257 sunt.

195 2355 216 2393 1
252 2349 424 2394 Coloss.
451 2354 493 2405 4,
529 2355 584 2394 14
705 2356 731 2395 2
764 2349 927 2394 Bamb.
954 2351 1001 2394 et
1025 2350 1146 2394 Bern
1171 2350 1220 2394 et
1242 2348 1474 2394 Norimb.:
1501 2347 1765 2394 carissimus

72 2422 203 2453 meus
331 2409 388 2452 cf.
420 2414 445 2452 2
471 2408 591 2453 Tim.
617 2414 659 2466 4,
687 2414 739 2453 11
869 2415 898 2453 4
929 2411 978 2453 et
1013 2408 1148 2454 Bern,
1183 2409 1231 2453 et
1261 2407 1470 2453 Norimb.
1502 2410 1550 2453 et
1578 2408 1765 2452 Bamb.:

72 2468 375 2523 praenotatur
541 2473 567 2512 9
599 2469 760 2514 Bamb.
795 2470 842 2513 et
870 2468 1106 2512 Norimh:
1154 2467 1447 2525 apocryphas
1494 2467 1764 2523 scripturas3

73 2525 208 2572 Bern.
234 2528 283 2572 et
302 2526 534 2572 Norimb.:
561 2529 885 2585 computamus
979 2533 1034 2573 10
1057 2526 1242 2572 Bamb.:
1276 2527 1401 2582 quod
1501 2530 1554 2570 15
1580 2526 1763 2570 Bamb.:

75 2587 124 2630 ct
153 2587 241 2630 hoc
271 2586 393 2642 loco;
437 2585 671 2633 Norimb.:
713 2589 761 2632 et
792 2587 849 2631 de
880 2587 983 2632 loco
1116 2591 1168 2631 17
1203 2585 1388 2632 Bamb.:
1428 2586 1582 2643 ipsum
1612 2586 1765 2628 Lucae

75 2644 336 2702 significare
360 2646 579 2690 volumen
694 2646 748 2692 18
775 2646 878 2690 alii:
903 2646 1118 2703 apostolo
1142 2645 1291 2690 Paulo
1405 2650 1462 2690 20
1488 2644 1589 2689 alii:
1614 2645 1768 2689 fuerat

75 2708 131 2748 25
163 2705 271 2750 Vat.
306 2706 354 2750 et
377 2705 564 2752 Bamb.:
597 2704 1055 2763 Constantinopolim

1796 958 1850 997 10

1796 1326 1849 1365 15

1796 1696 1852 1735 20

1798 2064 1853 2103 25
