1974 3192
0 2751 6 2994 —W—w——v-v
0 2695 6 2737 -<.,
0 2622 8 2655 μ,
0 2523 4 2553 ..e
0 2496 3 2503 .

799 231 868 237 —
951 200 1203 254 105—

160 333 430 370 sacrarum
482 316 868 386 scripturarum
918 319 1330 388 summatimque
1376 319 1503 372 ferit
1552 320 1839 372 ostendens

157 390 496 445 Nestorianis
536 389 710 444 Deum
757 392 816 444 in
871 392 1113 460 homine,
1167 411 1279 447 non
1326 412 1521 461 purum
1565 392 1841 446 hominem

159 483 223 519 ex
262 464 489 534 Virgine
526 467 736 534 natum3
784 465 1166 535 EutychianiS‚
1204 485 1385 519 veram
1423 467 1644 519 humani
1684 484 1841 536 gene-

156 541 231 593 ris
270 556 486 592 carnem
526 557 557 590 a
588 538 704 591 Deo
746 542 1081 608 assumptam
1121 543 1175 592 et
1204 558 1315 593 non
1355 541 1418 592 de
1451 541 1599 594 caelo
1635 541 1841 593 exhibi-

160 617 271 666 tam
301 630 401 665 nec
442 612 606 665 crassi
638 613 776 665 aeris
810 614 1171 666 substantiam
1210 615 1267 667 in
1306 632 1518 667 carnem
1557 614 1842 667 incessisse

158 687 470 754 formatam3
519 684 914 755 TimotheaniS‚
964 687 1042 739 ita
1080 686 1322 740 Verbum
1370 705 1584 740 carnem
1623 687 1843 752 factum,

157 764 219 814 ut
256 762 508 813 manente
532 758 713 812 Verbo
745 760 802 813 in
842 779 938 813 sua
970 761 1274 813 substantia
1312 765 1367 814 et
1397 761 1615 813 homine
1653 762 1709 813 in
1748 779 1859 814 sua-

158 837 355 887 natura
395 834 675 903 societate,
713 852 824 886 non
861 834 1122 887 mixtione
1161 853 1326 887 unam
1365 834 1491 887 Filii
1530 833 1632 887 Dei
1669 835 1843 887 reddi-

159 909 301 962 disse
339 925 641 976 personam.
702 907 899 961 Vivere
938 908 1110 961 adhuc
1151 909 1292 977 apud
1316 906 1845 976 Constantinopolim

159 983 366 1036 dicitur.
427 980 568 1034 Nam
593 982 751 1034 initio
778 981 965 1034 collati
987 981 1282 1035 Anthemio
1315 982 1529 1050 imperii
1561 985 1614 1034 et
1644 982 1845 1050 scripta

160 1057 272 1109 eius
313 1057 366 1107 et
405 1074 526 1108 eum
565 1073 679 1108 esse
717 1056 776 1107 in
816 1073 975 1108 carne
1014 1056 1258 1125 cognovi.

729 1191 862 1266 Cap.
917 1190 1291 1250 LXXXIV.

311 1306 635 1360 Claudianus
646 1348 660 1375 ‚
684 1305 1013 1359 Viennensis
1048 1306 1300 1359 ecclesiae
1331 1306 1629 1375 presbyter,
1661 1306 1746 1358 vir
1783 1305 1849 1359 ad

162 1381 487 1451 loquendum
528 1379 722 1433 artifex
761 1383 816 1432 et
855 1380 921 1432 ad
955 1380 1339 1449 disputandum
1373 1380 1602 1449 subtilis,
1635 1397 1848 1448 compo-

164 1457 272 1509 suit
308 1459 420 1509 tres
462 1454 636 1524 ‘quasi
666 1454 730 1506 de
765 1456 911 1506 statu
941 1454 1027 1506 vel
1060 1454 1364 1506 substantia
1396 1452 1627 1506 animae'
1667 1453 1849 1521 libros,

161 1531 219 1583 in
258 1530 452 1599 quibus
502 1529 617 1598 agit
664 1528 992 1596 intentione,
1040 1531 1302 1596 quatenus
1350 1528 1601 1581 ostendat
1649 1527 1852 1596 aliquid

165 1622 280 1658 esse
319 1605 696 1672 incorporeum
735 1604 948 1670 praeter
985 1601 1176 1654 Deum,

231 1701 234 1707 τ
312 1676 540 1746 Scripsit
579 1678 634 1728 et
673 1675 780 1727 alia
809 1675 1094 1740 nonnulla,
1134 1675 1275 1727 inter
1307 1693 1443 1744 quae
1484 1678 1538 1728 et
1571 1675 1852 1744 ‘hymnum

163 1752 227 1805 de
282 1751 535 1821 passione
589 1747 855 1818 Domini'‚
910 1749 1059 1802 cuius
1115 1750 1439 1818 principium
1496 1752 1601 1802 est:
1651 1748 1665 1771 ‘
1676 1765 1852 1818 pange

162 1826 351 1895 lingua
389 1822 645 1894 gloriosi'.
706 1822 834 1875 Fuit
867 1825 1049 1875 autem
1089 1823 1256 1876 frater
1285 1823 1558 1892 Mamerti,
1581 1822 1850 1876 Viennen-

168 1901 241 1953 sis
281 1899 533 1968 episcopi.

755 1973 890 2048 Cap.
938 1973 1272 2032 LXXXV.

318 2089 567 2159 Prosper,
590 2089 753 2142 homo
773 2088 1130 2158 Aquitanicae
1154 2089 1408 2158 regioniS,
1434 2106 1681 2141 sermone
1706 2087 1854 2141 scho-

168 2165 389 2219 lasticus
436 2166 490 2216 et
528 2163 918 2216 assertionibus
957 2181 1234 2232 nerVOSUS,
1273 2162 1449 2216 multa
1487 2162 1852 2230 composuisse

167 2240 377 2308 dicitur,
424 2256 488 2290 ex
527 2237 719 2306 quibus
769 2254 868 2306 ego
917 2236 1171 2289 chronica
1208 2237 1427 2290 nomine
1468 2236 1616 2288 illius
1656 2237 1853 2304 praeti-

168 2314 342 2366 tulata
393 2311 502 2381 legi
556 2311 893 2363 continentia
943 2329 976 2362 a
1033 2310 1195 2379 primi
1246 2309 1484 2365 hominis
1541 2310 1853 2363 condicione

168 2388 320 2441 iuxta
358 2385 658 2438 divinarum
697 2385 1084 2453 scripturarum
1130 2384 1291 2436 fidem
1329 2402 1498 2454 usque
1539 2384 1607 2436 ad
1646 2384 1854 2436 obitum

167 2458 540 2515 Valentiniani
579 2457 816 2528 Augusti
861 2460 916 2510 et
961 2457 1328 2526 captivitatem
1374 2457 1523 2511 urbis
1570 2456 1775 2510 Romae
1821 2475 1855 2509 a

291 2610 313 2648 1
347 2603 532 2648 Bamb.:
565 2602 834 2648 summatim
866 2616 985 2659 quae
1015 2603 1157 2647 fuerit
1306 2606 1331 2646 5
1364 2602 1550 2646 Bamb.:
1592 2601 1855 2646 substantia

168 2664 220 2708 in
251 2677 388 2709 carne
426 2662 670 2707 incessisse
710 2662 962 2706 formatum
1082 2667 1108 2707 9
1139 2661 1324 2706 Bamb.:
1364 2661 1483 2706 vivit
1521 2697 1532 2708 .
1566 2697 1576 2707 .
1612 2696 1621 2705 .
1659 2661 1714 2704 ut
1743 2660 1855 2704 dici-

170 2727 247 2768 tur
366 2726 422 2766 14
454 2721 609 2766 Bern.:
646 2721 707 2765 ad
731 2721 960 2777 quaedam
989 2721 1102 2766 satis
1225 2725 1278 2764 15
1310 2719 1496 2765 Bamb.:
1527 2721 1623 2764 tres
1648 2719 1704 2764 de
1730 2721 1855 2764 statu

172 2788 241 2827 16.
275 2782 357 2826 aL:
395 2780 654 2824 intentione
693 2781 795 2824 tota
938 2785 993 2825 18
1025 2780 1153 2825 Haec
1185 2780 1348 2825 verba:
1390 2778 1577 2836 scripsit
1607 2780 1693 2823 etc.
1735 2778 1854 2822 desi-

172 2842 393 2886 derantur
422 2839 472 2883 in
494 2837 656 2884 Bamb.
683 2840 730 2883 et
753 2839 888 2883 Bern.
1011 2843 1067 2883 25
1099 2839 1330 2885 Norimb.:
1364 2837 1602 2883 chronicas
1692 2836 1853 2881 Bamb.

174 2903 222 2944 et
252 2900 407 2944 Bem:
439 2897 641 2942 nominis

1879 994 1933 1033 10

1884 1464 1938 1505 15

1883 1837 1940 1877 20

1885 2250 1941 2289 25
