1974 3192
774 173 1140 218 -xxv-

160 308 222 361 6:
262 307 606 377 cognuscitis.

161 382 220 434 7:
260 380 480 434 Domini
518 368 775 435 ecclesiam
818 380 945 454 (A.).
1022 381 1135 453 (V.:
1176 384 1299 437 eccl.
1337 382 1536 455 Dom.).

129 455 223 508 11:
263 453 572 507 Militiades.

128 529 222 581 12:
262 526 615 580 Maximillam
657 527 823 597 (‘que'
865 527 1007 597 om.).

122 602 218 654 15:
246 602 480 670 principi
504 599 689 671 (A.V.:
714 600 1087 672 principibus).
1104 631 1176 640 —·
1192 603 1410 657 Floruit
1430 609 1599 658 autem
1616 603 1810 676 (A.V.).

124 676 218 729 18:
257 674 635 744 Appollonius,
676 705 749 712 ——
789 677 1059 729 adversum
1104 674 1306 747 (V.A.).

124 749 218 802 19:
261 747 374 818 (V.:
411 746 722 818 insignem).
1039 760 1043 764 ⁴

123 823 220 875 20:
259 824 318 874 in
355 839 452 889 quo
494 819 622 891 (Α.)
667 852 728 859 -
774 822 884 891 (V.:
926 821 1021 874 ‘in'
1062 823 1190 888 om.)

123 897 221 949 22:
259 895 500 948 Priscam
541 899 595 947 et
632 894 1009 966 Maximillam,
1049 895 1141 948 sed
1180 898 1466 966 utrumque
1498 917 1552 950 m
1585 917 1812 953 erasum.

125 970 223 1023 23:
263 969 551 1037 adprobabo
590 967 702 1040 (V.:
743 968 1094 1040 adprobauo).

120 1043 217 1096 25:
247 1043 502 1110 probatur
530 1043 782 1110 propheta
822 1041 908 1109 (A.
922 1042 1009 1096 V.:
1049 1043 1347 1112 probantur
1385 1045 1721 1116 prophetae).
1745 1077 1805 1085 -—

255 1114 369 1186 (V.:
411 1116 566 1186 fugat
602 1115 870 1188 profetis).

120 1191 217 1244 26:
258 1190 456 1243 sitibio.
495 1221 568 1227 —
606 1191 822 1244 vestibus
852 1195 1070 1244 ornatur
1108 1195 1157 1244 et
1179 1192 1393 1259 yemmis
1417 1192 1669 1260 propheat
1701 1191 1812 1262 (A).

256 1262 365 1333 (V.:
405 1267 539 1317 vest.
581 1267 635 1316 et
674 1281 723 1333 g.
765 1283 879 1317 orn.
918 1263 1249 1334 prophetes).

121 1338 218 1391 27:
259 1338 436 1390 tabula
467 1339 600 1390 ludit
637 1337 745 1406 (A.:
785 1339 895 1392 tab.
936 1341 990 1391 et
1026 1342 1152 1391 teSS.
1195 1338 1229 1391 1.
1267 1338 1498 1409 proph.).

121 1413 217 1465 28:
257 1416 433 1464 utrum
470 1411 592 1464 haec
630 1409 743 1481 (A.:
783 1416 962 1464 utrum
1000 1410 1143 1482 hoe).
1169 1443 1237 1450 —
1271 1409 1382 1482 (V.:
1422 1413 1556 1466 haec
1588 1412 1807 1481 utrum.)

255 1516 324 1522 ——
366 1486 551 1538 liceant
605 1483 705 1556 (sie
754 1504 887 1539 corr.
928 1505 959 1538 a
998 1484 1114 1556 ml.)
1154 1486 1287 1538 fieri.
1342 1484 1430 1556 (de
1472 1486 1705 1539 ‘liceant'
1747 1487 1813 1542 of.

261 1558 379 1612 Sen.
420 1559 569 1611 clem.
614 1561 662 1612 1.
706 1559 813 1629 18).
854 1590 923 1598 —
966 1559 1151 1630 (A.V.:
1191 1561 1307 1612 fieri
1345 1558 1543 1631 liceat.)

853 1690 966 1747 Pay.
1001 1693 1073 1736 33.

164 1766 225 1818 2:
266 1766 650 1836 catafrigarum
691 1764 819 1836 (Vn)

157 1841 220 1892 4:
260 1840 496 1893 ἐκεταειν
546 1838 659 1911 (V.:
701 1838 973 1909 εχεταεει).
1018 1870 1080 1877 -
1134 1839 1246 1905 (V.:
1286 1838 1575 1911 propriae).
1611 1870 1685 1878 —-
1724 1840 1812 1893 ad-

259 1932 476 1966 versum
515 1913 923 1983 Appollonium.

162 1988 221 2041 6:
260 1986 621 2056 Appollonius
663 1987 926 2042 Commodi
963 1985 1229 2054 Severique
1268 1988 1586 2055 temporibus.
1628 1985 1812 2058 (A.V.:

258 2062 356 2114 sub
398 2059 694 2115 Commodo
736 2060 1037 2130 Severoque
1075 2059 1451 2132 principibus).
1821 2065 1829 2072 ’

164 2135 224 2206 8;
263 2134 548 2204 Sarapim,
588 2135 722 2189 ·XI-

126 2208 221 2261 10:
264 2207 516 2262 Carinum
534 2207 779 2279 (V.A.B.)
797 2208 1023 2262 Pontum
1034 2206 1163 2278 (A).
1177 2238 1239 2246 —
1262 2209 1527 2261 haeresim
1547 2206 1814 2278 (sicam1).

10 2328 13 2329 γ
128 2284 220 2335 11;
261 2284 408 2336 addit
445 2281 536 2352 (V.
552 2283 639 2336 A.:
681 2281 925 2352 addidit).
1004 2280 1117 2350 (V.:
1157 2285 1219 2334 ut
1259 2283 1442 2335 sciatis
1485 2283 1704 2349 autem).

130 2357 224 2409 13:
263 2356 567 2424 reprobare.
609 2387 680 2394 —-
719 2355 1079 2425 ApollinariS,
1118 2359 1318 2424 puncto
1361 2375 1495 2409 corr.
1535 2355 1629 2409 ml.

129 2431 224 2482 17:
266 2429 517 2484 ‘Ciliciae'
557 2447 653 2483 om.
695 2428 784 2501 (V.
800 2430 888 2484 A.:
930 2427 1186 2483 ‘Ciliciae'
1228 2430 1386 2501 add.).

128 2504 222 2557 18:
262 2503 580 2558 deverterat.

122 2592 219 2645 20:
260 2609 445 2646 αεκεει.
944 2629 996 2658 or

123 2666 218 2718 22:
257 2665 635 2734 Appollonius
680 2695 742 2702 -
788 2667 1025 2734 senatus,
1066 2682 1197 2718 corr.
1238 2662 1331 2717 m2.

127 2740 225 2792 23:
268 2737 379 2808 (V.:
418 2737 730 2810 inpretato).

125 2812 222 2865 25:
262 2813 320 2864 in
358 2811 388 2840 '¹‘
427 2817 536 2866 atu.
577 2843 641 2851 —
684 2810 1092 2866 nihilhominus

129 2886 226 2939 26:
267 2887 539 2939 sententia
576 2886 605 2914 ’¹‘
645 2890 783 2939 atus
